2808 4872
146 285 190 352 so
222 357 227 368 ,
585 289 724 354 utum·
748 292 876 374 effuse

146 445 194 508 Jo.
218 442 295 507 Gnil.
317 443 426 504 Beier
450 443 487 505 de
510 443 584 505 rotis
606 447 750 524 gentilium
771 444 939 527 Aesculapio
963 446 1043 510 factis
1064 449 1145 532 epist
1168 447 1273 529 gratnl.
1287 451 1323 512 im

190 529 228 594 G.
254 529 301 593 W.
326 530 447 590 Wedelii
470 530 600 595 natalem.
642 531 704 595 Jen.
731 526 865 594 17011.

149 616 216 677 Chr.
245 615 300 673 Gli.
329 616 497 674 Schwarz
524 613 618 696 (resp.
642 615 757 680 Ferdiu.
778 617 840 678 Juc.
862 615 965 697 Beier)
998 617 1065 682 diss.
1097 619 1198 679 sistens
1229 639 1324 700 expo·

190 701 320 761 altionem
341 701 441 760 veteris
464 701 649 779 inscriptionis
670 703 708 760 de
728 699 897 782 Aesculapio
919 708 949 761 et
970 703 1090 781 Hygeea
1107 711 1194 778 θεοις
1208 711 1325 782 φιλαν-

190 793 339 866 θρωποις.
383 785 483 849 Altorl.
510 779 619 864 1725„
654 787 721 848 ibid.
744 781 837 851 1742.
858 782 889 849 4.
917 819 961 832 —
982 787 1071 846 Redit
1093 792 1124 848 in
1148 790 1323 849 Schwarz

191 889 304 950 opuscc.
325 871 371 930 ed.
392 869 523 949 Theoph.
538 871 690 950 christoph
701 871 847 946 Hecales,
863 870 990 936 Norimb.
1006 868 1097 936 1793.
1112 870 1142 938 4.
1155 895 1184 954 p.
1201 870 1265 933 129
1274 894 1323 951 sq.

191 953 261 1019 (Cir.
278 951 320 1007 Jo.
337 951 423 1007 Math.
441 952 574 1005 Gesner
595 970 686 1006 marm.
712 953 859 1007 Gemellae.
878 971 930 1023 pua
946 956 1134 1024 Aesculapius,
1162 955 1274 1028 Hygica
1290 963 1324 1010 et

195 1021 369 1090 Telesphorus
386 1023 552 1076 celebrantur
567 1021 595 1074 in
612 1022 795 1077 commentatt.
813 1039 867 1076 soc.
885 1039 942 1092 reg.
962 1023 1084 1092 Gotting.
1103 1024 1139 1080 ll.
1160 1025 1230 1092 181.)

147 1094 195 1156 7ο.
220 1095 287 1158 Chr.
312 1093 609 1153 Messerschmidt
631 1093 813 1172 Aesculapius
839 1114 946 1176 anrpp.
990 1097 1054 1160 Hal.
1080 1091 1171 1157 1752.
1193 1093 1225 1160 4.

147 1177 226 1279 Rrid
248 1178 322 1279 Gnil
348 1178 492 1238 Geuclre
512 1179 631 1258 epistola
655 1179 838 1257 gratulatorio
860 1181 898 1240 de
921 1183 1033 1262 templis
1057 1178 1216 1261 Aesculapii
1231 1201 1320 1260 gree-

146 1283 256 1410 Fricehhr.
280 1262 359 1406 11111
367 1259 658 1425 Heid9riih8hickler
682 1349 729 1408 die
749 1348 961 1429 Hieroglypheu
982 1349 1011 1408 in
1034 1349 1100 1408 dem
1124 1348 1239 1428 Mythns
1266 1351 1323 1408 des

190 1432 382 1512 Aesculapius.
424 1432 518 1494 Nebst
542 1435 611 1493 zuei
631 1433 858 1511 Abhaudlungen
880 1436 949 1495 tiber
970 1434 1098 1494 Didolus
1119 1436 1178 1494 und
1192 1435 1238 1493 dic
1251 1433 1323 1494 Pla-

190 1519 246 1578 stilr
270 1526 352 1577 unter
373 1519 429 1576 den
450 1519 646 1583 Chanaufieru.
689 1519 742 1577 hlit
760 1517 778 1579 l
794 1520 1074 1600 Hieroglyphentafel
1095 1520 1124 1578 in
1138 1520 1322 1582 Steindruck.

152 1617 157 1624 '
190 1603 354 1700 mallim
383 1597 474 1669 1819.
499 1600 530 1663 4.
574 1607 750 1680 (Hrplicatio
765 1611 910 1664 secundum
924 1609 1139 1682 paronomasiam
1156 1627 1173 1662 a
1189 1608 1321 1662 dialectis

148 1688 458 1818 cozetmtpoufipenm
478 1752 581 1836 Apollo
600 1750 755 1836 λοιμώδης
779 1757 807 1816 in
831 1765 919 1838 peste.
961 1757 1024 1822 Jeu.
1050 1751 1143 1821 1713.
1165 1752 1196 1820 4.
1236 1762 1321 1827 (cfr.

191 1839 285 1962 {xffi
295 1837 453 1975 vgglsksr
471 1839 591 1893 maheu
606 1856 659 1893 cau
678 1839 792 1910 Apollas
808 1837 836 1894 in
853 1839 961 1894 Hscker
977 1839 1070 1894 Annd.
1087 1839 1114 1893 d.
1132 1839 1221 1894 Heilk.
1240 1836 1322 1894 1832
1389 1905 1390 1908 Ἴ

147 1981 194 2042 Jo.
216 1979 289 2039 Dan.
308 1977 425 2054 Major
448 1977 562 2056 Serapis
583 1979 718 2053 radiatus,
740 1979 864 2040 medicus
885 1975 1091 2059 Acgyptiorum
1106 1979 1188 2056 deus,
1209 1999 1322 2042 ame·
1388 1997 1390 2036 ᾳ

190 2063 260 2124 tallo
284 2069 313 2122 et
336 2081 456 2139 gemma.
498 2062 594 2126 Kilou.
617 2058 710 2122 1685.
734 2059 765 2127 4.

148 2151 194 2215 Jo.
216 2147 399 2208 Lehmann
425 2147 497 2226 disp.
525 2149 563 2206 de
584 2148 721 2226 Serapide
742 2147 946 2227 Aegyptiorum
967 2143 1031 2206 Deo
1056 2147 1193 2226 maximo,
1219 2154 1321 2208 contra
1389 2153 1390 2160 ’

100 2245 101 2248 Ὺ
190 2233 390 2380 llllllll
410 2229 1320 2392 lffltlt,lhtlllll’lt‘lltllliliati?
1387 2303 1390 2442 1

149 2398 414 2569 ciiiirimhuper
446 2467 645 2548 Harpocrates.
688 2467 847 2532 Amstelod.
870 2463 963 2534 1676.
989 2464 1021 2531 8.
1059 2469 1140 2547 Troj.
1164 2470 1203 2531 ad
1223 2469 1319 2534 Rhcu.
1387 2445 1389 2529 1

97 2615 99 2620 ¹
147 2547 772 2714 1116671111611111418111111ὃωεῒίωια,
799 2657 884 2716 qnam
904 2638 1109 2718 Harpocratem
1122 2639 1320 2716 indigitarunt.
1387 2583 1388 2604 1

166 2731 168 2734 ’
191 2725 286 2824 Hngd.
308 2725 373 2789 Bat.
403 2717 494 2784 1693.
516 2719 547 2784 4.
591 2729 663 2797 (eft.
682 2729 773 2783 Zorn
791 2729 826 2782 de
839 2727 1012 2800 Telesphoro
1028 2729 1058 2782 in
1074 2729 1226 2783 Miscellan.
1245 2730 1321 2783 Gro-

149 2805 379 2944 0111111111011
405 2876 449 2936 de
480 2876 576 2936 Boze
607 2895 657 2937 sur
676 2877 702 2938 le
722 2877 806 2958 culte,
828 2895 884 2954 que
905 2877 944 2936 les
970 2873 1091 2940 Ancieus
1117 2883 1168 2938 ont
1188 2877 1280 2938 rendu
1302 2877 1322 2939 A

191 2965 220 3024 ln
240 2964 338 3024 deesse
359 2961 396 3020 de
420 2961 448 3018 la
468 2962 567 3025 Saule.
602 2961 680 3022 Paris
703 2958 794 3023 1705.
818 2957 848 3022 8.
892 2967 968 3035 (Non
981 2971 1036 3020 tarn
1050 2967 1085 3020 de
1099 2969 1223 3038 Hyguecn
1239 2983 1321 3037 quem

192 3043 280 3118 potius
294 3043 328 3097 de
336 3041 394 3096 Dea
405 3041 498 3094 Salute
512 3041 610 3112 agitur,
628 3061 695 3114 qnae
711 3043 822 3096 Graecis
839 3039 908 3111 caim
926 3043 968 3096 vel
984 3039 1042 3097 6εᾶ
1059 3039 1180 3111 σώτειρα
1197 3044 1320 3113 dicitur.)

149 3117 226 3180 Guil.
247 3117 440 3192 hlusgrave
461 3115 527 3178 diss.
553 3117 590 3174 de
611 3115 673 3175 Dea
694 3115 803 3189 Salute,
828 3116 856 3176 in
878 3134 935 3192 que
955 3117 1026 3175 illius
1040 3117 1177 3196 symbola,
1202 3117 1319 3194 templa,

192 3209 312 3276 statuae,
333 3199 663 3346 nunihfil'rinhfflpfiow
688 3200 863 3280 exhibentur,
880 3201 1061 3264 illustrantur.
1105 3202 1199 3266 Oxon.
1225 3197 1319 3265 1716.

189 3285 220 3353 4.
263 3285 357 3346 Lond.
468 3333 476 3349 .
520 3335 528 3348 .

149 3373 185 3437 C.
205 3372 244 3433 H.
269 3369 382 3431 Ebelt
407 3371 444 3429 de
462 3369 632 3445 valetudine,
658 3370 730 3430 iuter
750 3368 826 3430 Deos
847 3388 866 3430 a
890 3388 1004 3452 pagana
1024 3375 1110 3448 gente
1128 3369 1218 3430 relate
1240 3389 1319 3430 com·

191 3457 335 3518 mentatio.
378 3454 449 3519 S.l.
477 3450 569 3518 1751.
590 3450 620 3514 4.
664 3461 718 3530 (De
739 3459 861 3530 Hygea.)
1378 3453 1380 3506 j

149 3541 224 3605 Dan.
245 3540 329 3603 Willu
354 3539 490 3600 Triller
522 3542 559 3600 de
585 3539 662 3599 cultu
689 3541 770 3599 lsidis
791 3539 870 3599 Deae
894 3539 978 3599 etiam
999 3539 1128 3600 salutaris
1149 3545 1179 3600 et
1202 3539 1318 3599 medicis

192 3645 287 3687 sacrae
308 3625 386 3704 apud
406 3630 515 3684 veteres
537 3625 704 3688 Germanos.
726 3619 1024 3689 1141171164-
1035 3624 1123 3684 Redit
1141 3628 1171 3684 in
1187 3623 1317 3700 Ejusd.

192 3731 291 3792 opusc.
312 3710 392 3773 acad.
414 3708 499 3770 Tom.
521 3708 558 3768 ll.
579 3729 647 3788 pag.
672 3705 850 3774 339-352.
895 3713 973 3782 (cfr.
995 3713 1073 3783 Birg.
1103 3713 1318 3767 Thorlaeius

193 3793 311 3857 Athena,
329 3789 451 3862 Hpglee'a
468 3795 495 3844 st
513 3791 638 3844 Minerua
656 3791 801 3849 Romanor.
817 3790 920 3844 medica
943 3789 970 3844 iu
987 3789 1103 3862 Opuscc.
1121 3789 1144 3846 I.
1163 3789 1222 3857 109,
1242 3789 1318 3858 187.)

150 3883 237 3947 Gerh.
259 3880 454 3942 Feldmaun
475 3881 513 3940 de
532 3878 596 3940 Dea
622 3879 754 3958 Podagra
777 3881 846 3940 liber
866 3878 1021 3956 singularis.
1049 3874 1274 3940 Bremae1693.
1288 3873 1319 3942 8.

149 3967 195 4033 Jo.
215 3967 281 4028 Glo.
305 3965 445 4111 1117115ἒηί
465 3957 561 4046 pfogr.
596 3966 634 4025 de
665 3967 779 4026 medicis
809 3965 941 4026 heroibus
973 3970 1003 4024 et
1033 3964 1165 4026 heroibus
1192 3965 1319 4030 medicis,

191 4051 284 4114 Viteb.
391 4098 398 4113 .
446 4095 453 4112 .

151 4136 225 4202 Geo.
247 4133 355 4211 Wolfg.
377 4135 502 4195 Wedel
523 4136 561 4194 de
581 4133 706 4195 Hercule
728 4133 848 4196 medico.
890 4133 953 4193 Jen.
977 4127 1069 4195 1703.
1090 4129 1122 4196 4.

150 4221 227 4300 Aug.
251 4220 359 4290 Quirin.
381 4217 531 4279 Riviuus
552 4239 648 4300 progr.
664 4222 701 4280 de
714 4220 873 4281 auctoribus
883 4219 1036 4278 medicinae
1046 4219 1074 4277 in
1085 4216 1214 4289 Graecia,
1234 4235 1319 4295 prae·

195 4307 276 4384 cipue
307 4305 344 4364 de
369 4304 492 4364 Chirone
524 4306 684 4379 Centauro,
716 4323 734 4364 a
760 4306 850 4385 patrio
877 4303 1025 4365 Thessalo.
1067 4301 1144 4382 Lips.
1170 4296 1263 4364 1694.
1286 4298 1317 4365 4.

194 4387 272 4512 (Ιὲξῖ
294 4384 328 4510 H
347 4385 571 4521 9(3.)Welclrur
598 4388 698 4444 Chiron
720 4388 767 4444 dcc
792 4387 941 4457 Phillyrides
956 4386 984 4440 iu
1001 4384 1111 4456 Allgem.
1130 4382 1319 4452 Cobulaeitnug
