2808 4872
528 254 649 318 Scholae
672 261 701 318 et
725 257 840 339 oppida.
1225 255 1268 324 79

140 407 205 464 Car.
224 407 462 462 (deliciando
480 407 667 462 Alexandrina
686 408 778 464 schola
799 414 827 464 ct
842 407 989 463 medicinae
1007 407 1036 462 ia
1053 410 1145 466 eaden
1167 427 1267 468 suamc

133 481 206 546 flore
222 477 250 530 iu
268 477 368 547 Opusc.
388 477 462 533 acad.
477 476 500 532 I.
520 475 590 544 109.)

24 603 25 606 ,
95 551 160 612 Car.
183 550 249 616 Glo.
271 551 378 609 Kiibn
400 550 511 608 scholae
525 550 649 608 medicae
667 546 872 608 Alexandrinae
891 549 1008 609 historia
1029 571 1123 630 progr.
1140 551 1161 619 Ι,
1186 551 1266 632 Lips‚

24 723 26 730 γ
139 629 233 698 1832.
259 630 289 694 4.
313 669 355 680 -
375 633 463 694 Redit
485 639 515 694 io
536 635 634 711 Ejusd.
657 634 779 714 Opuscc.
801 635 880 699 acad.
903 635 967 695 Vol.
987 635 1024 695 ll.
1045 656 1075 716 p.
1087 633 1265 700 298—305.

530 784 566 839 1.
606 785 831 841 Salernum.

24 881 26 952 l
94 885 202 954 Anton.
224 888 352 950 Marna
372 889 447 949 urbis
473 889 666 950 Salemitauae
689 889 855 948 historiast
885 889 1081 966 antiquitates,
1110 890 1139 950 in
1164 891 1266 968 quibus

138 977 240 1052 origo,
262 977 348 1048 situs,
371 977 502 1048 ubertas,
524 975 695 1054 respublica,
720 976 866 1053 primatus,
888 976 1028 1052 nobilitas,
1050 976 1198 1054 principes,
1219 996 1266 1036 ec·

136 1060 255 1136 clesiae,
288 1061 422 1140 episcopi,
445 1061 653 1138 archiepiscopi,
676 1059 796 1118 illustres
821 1061 905 1132 cives,
934 1062 1075 1135 studium,
1106 1061 1267 1140 Hippocra-

24 1137 25 1172 ³
136 1146 224 1204 ticum
246 1145 393 1222 collegium
414 1153 467 1209 etc.
490 1146 686 1204 dilucidantur.
729 1143 851 1224 Neapoli
876 1139 967 1210 1681.
992 1141 1023 1208 4.
1050 1180 1092 1190 -—
1118 1145 1214 1210 Recas.
1236 1150 1267 1206 ia

24 1253 27 1308 r
138 1229 266 1289 Graes.
282 1238 317 1289 et
333 1233 450 1294 Burm.
462 1231 533 1293 thes.
546 1231 674 1306 antiquit.
687 1235 715 1287 et
726 1231 861 1294 historiar.
874 1229 978 1290 ltaliae.
990 1231 1074 1294 Tom.
1084 1231 1134 1291 lX.
1142 1232 1210 1290 Pars
1216 1231 1265 1296 IV.

24 1311 27 1340 ¹
139 1311 266 1374 (Doctum
284 1329 358 1383 opus,
377 1312 494 1382 quamvis
512 1328 580 1383 quas
597 1311 753 1364 medicorum
770 1318 831 1366 sunt
848 1311 999 1366 cremutius
1022 1319 1050 1367 et
1073 1312 1173 1384 plenius
1195 1312 1266 1367 tradi

137 1379 304 1450 mm)
530 1449 567 1505 a.
601 1450 830 1506 marmana.

95 1555 210 1614 Statuta
230 1554 427 1614 Universitatis
454 1552 624 1614 artistarum
649 1560 678 1614 et
700 1555 874 1615 Medicorum
898 1553 1026 1616 Patavini
1049 1555 1195 1634 Gymnasii
1214 1559 1266 1617 de·

137 1659 196 1698 uuo
222 1647 356 1702 correcta.
404 1641 501 1705 Patav.
529 1637 619 1705 1570.
641 1634 671 1704 4.

95 1723 197 1786 Franc.
220 1726 388 1784 Bosellus
418 1727 586 1786 amaltheam
618 1723 925 1787 medico-historicum.
968 1721 1095 1784 Accessit
1125 1726 1266 1802 geminum
1309 1719 1313 1726 ’

137 1809 331 1870 corollarium:
360 1811 487 1870 Encomii
515 1813 544 1870 iu
565 1811 653 1874 Acad.
683 1809 819 1867 Patavina
840 1810 993 1869 medicinae
1016 1811 1208 1888 professorum
1228 1812 1265 1870 ab

72 1897 74 1902 ’
136 1915 214 1955 anno
241 1891 321 1956 1631
350 1903 379 1955 et
410 1897 504 1974 Elogii
531 1895 643 1976 publica
667 1895 695 1953 in
724 1893 891 1953 bibliotheca
916 1895 1018 1953 ibidem
1047 1895 1163 1956 heroum
1185 1897 1265 1975 depi-

138 1989 257 2042 ctorum.
300 1981 399 2044 Patav.
422 1977 513 2044 1668.
537 1979 566 2045 4.
598 1983 758 2054 (Generalis
784 1985 906 2037 continet
934 1985 968 2038 de
997 1985 1087 2038 studio
1117 1995 1145 2038 et
1172 1986 1265 2040 cilicio

139 2061 233 2115 medici
251 2072 407 2132 praecepta,
431 2064 480 2116 sub
503 2063 579 2116 finem
597 2061 686 2132 aliqua
704 2061 738 2116 ad
761 2060 894 2115 historiam
912 2061 991 2114 studii
1009 2061 1102 2116 medici
1119 2062 1264 2130 Patavini.)

97 2133 190 2194 Carol.
218 2133 326 2194 Patin
354 2136 463 2212 lyaeum
488 2135 653 2194 Patauinum
675 2153 696 2192 s.
722 2135 816 2192 icones
852 2141 881 2192 et
901 2135 975 2193 ritae
994 2137 1185 2214 professorum
1210 2135 1266 2194 Pa·

137 2219 206 2278 tavii
232 2214 315 2280 1682
343 2221 453 2300 publice
482 2222 649 2279 docentium.
683 2219 752 2277 Pars
777 2219 798 2282 l.
828 2219 992 2295 theologos,
1024 2219 1208 2299 philosophos
1236 2225 1266 2280 ct

137 2305 262 2399 medicos
290 2305 485 2400 complectens.
528 2299 741 2366 potralata.
767 2299 797 2366 4.
830 2304 902 2363 Cum
923 2300 965 2364 33
987 2305 1057 2382 figg.
1079 2307 1181 2370 aeneis.
1205 2310 1266 2379 (Nil

98 2385 479 2520 thmppppopppdpppuner
498 2459 558 2517 iura
582 2463 612 2517 et
633 2457 777 2536 privilegia
798 2457 921 2516 doctoris
944 2459 1098 2516 medicinae
1113 2457 1266 2537 diplomate

138 2541 276 2600 Patavina
311 2563 443 2620 expressa
472 2551 501 2602 et
530 2543 673 2603 illustrata.
717 2543 779 2602 Jen.
808 2537 899 2605 1793.
921 2538 950 2605 8.
984 2533 1121 2618 (Diploma
1142 2548 1265 2600 doctoris

138 2623 257 2676 Paduani
275 2624 308 2678 de
325 2625 368 2678 die
385 2624 427 2680 28.
447 2625 593 2696 septembr.
615 2623 681 2678 1696
700 2641 756 2676 cum
775 2623 985 2692 commentario.)

98 2689 186 2756 Andr.
209 2696 435 2775 Comparetti
457 2698 557 2774 saggio
586 2697 659 2756 della
680 2697 776 2756 scuola
796 2696 893 2753 clinica
913 2695 988 2756 uella
1007 2693 1123 2776 spedale
1154 2695 1184 2754 di
1210 2693 1266 2755 Pa·

139 2781 222 2844 dova.
266 2781 383 2840 Padova
406 2777 496 2846 1792.
518 2778 549 2843 8.

99 2863 179 2928 Gins.
210 2866 450 2926 Morrtesanto
483 2867 547 2926 dell'
579 2867 685 2942 origine
717 2864 791 2922 della
819 2864 916 2923 clinica
942 2863 1052 2924 medica
1081 2863 1111 2922 in
1137 2862 1265 2938 Padova,

139 2951 271 3010 memorie
293 2952 531 3012 starioc-critichc.
584 2951 701 3009 Padova
727 2944 868 3011 18178.
892 2955 995 3022 (Jama
1019 2955 1063 3007 Jo.
1084 2954 1166 3024 Bapt.
1186 2953 1266 3007 Mon-

139 3038 211 3102 tano,
225 3034 245 3101 †
258 3034 334 3100 1551,
353 3033 530 3088 institutiones
547 3031 652 3086 clinicos
667 3031 695 3084 in
714 3031 862 3086 nosocomio
875 3030 1026 3086 Pataricnsi
1045 3029 1149 3086 habitas
1163 3030 1266 3099 luisse.)

545 3171 583 3226 4.
617 3173 817 3228 Bononio.

100 3271 202 3333 Bartol.
229 3270 415 3333 Albertiui
443 3275 573 3352 catalogo
601 3277 630 3332 di
651 3277 718 3333 tutti
739 3277 748 3334 i
773 3275 879 3334 dottori
901 3274 946 3334 del
965 3274 1082 3351 collegio
1096 3261 1286 3350 Bolognese.¹

139 3359 195 3418 Ed.
217 3357 263 3416 Jo.
290 3360 372 3438 Bapt.
395 3359 566 3422 Cavazza.
606 3360 738 3436 Bologna
760 3355 852 3423 1664.
874 3358 903 3422 4.
931 3365 1012 3432 (Post
1035 3372 1148 3416 mortem
1172 3372 1265 3416 aucto-

142 3439 180 3492 ris
198 3439 283 3493 edidit
301 3441 344 3507 C.,
362 3440 407 3509 qui
431 3439 499 3494 sicut
522 3451 616 3495 auctor
640 3441 750 3510 collegio
777 3440 935 3494 Bononiensi
953 3447 1010 3494 crat
1027 3457 1044 3496 a
1059 3439 1171 3508 litteris3
1197 3439 1265 3494 iaci-

142 3509 181 3580 pit
198 3509 333 3577 catalogus
350 3510 384 3562 ab
401 3526 468 3563 anno
487 3509 575 3578 1156.)

24 3609 25 3618 ¹
101 3579 142 3644 Jo.
167 3583 252 3660 Bapt,
277 3583 424 3642 Biancbi
450 3583 538 3642 oratio
561 3585 597 3641 de
618 3581 777 3640 academiae
798 3581 984 3640 Bononiensis
1007 3581 1183 3658 antiquitate,
1206 3580 1266 3657 ejus

140 3668 332 3744 professorum
354 3668 514 3727 excellentia
537 3673 565 3726 et
586 3667 672 3726 studii
693 3667 794 3725 medici
815 3668 843 3724 iu
872 3667 918 3724 illa
939 3667 1025 3730 cultu.
1070 3667 1169 3726 Colca.
1186 3663 1267 3724 Alto-

140 3753 221 3828 brog.
246 3751 379 3830 (Gener.)
402 3748 492 3816 1721.
515 3747 546 3816 4.
573 3785 612 3796 -
644 3751 767 3827 Ejusd.
802 3753 839 3810 dc
865 3753 969 3810 meritis
997 3753 1265 3812 Bononiensiumin

140 3838 306 3896 medicinam
328 3838 429 3898 oratio.
473 3838 579 3897 Gener.
606 3831 697 3899 1723.
712 3831 741 3899 4.
1177 3869 1178 3872 =

84 3919 157 3984 ¹Jos.
179 3923 266 3984 Ferd.
290 3921 503 3982 Guilelmini
529 3923 565 3981 de
585 3922 664 3982 claris
690 3921 837 3981 Bononiae
853 3921 1024 3980 anatomicis.
1045 3919 1157 3986 Bonou.
1173 3915 1265 3982 1735.

54 4060 56 4064 ,
140 4002 169 4070 4.
191 4001 299 4076 (1755.
323 4009 355 4084 r.)

574 4137 610 4194 ὅ.
644 4141 785 4196 Roma.

105 4241 230 4325 Prosper.
252 4245 460 4306 Mandosius
485 4251 633 4325 θεατρον,
663 4245 691 4304 iu
720 4263 776 4321 quo
803 4244 985 4304 maximorum
1010 4238 1162 4316 Christiani
1191 4237 1265 4298 orbis

142 4329 309 4390 Pontificum
331 4331 482 4390 archiatros
504 4331 675 4410 spectandos
700 4329 819 4388 exhibet.
863 4329 946 4390 Rom.
969 4321 1061 4388 1696.
1082 4321 1112 4386 4.
1138 4357 1181 4369 -
1205 4323 1266 4384 Rc·

143 4434 194 4483 mu.
217 4435 275 4476 cam
310 4413 393 4482 (ἔαρι.
425 4411 536 4476 Morini
565 4435 644 4494 opere
657 4409 771 4475 'amitis
801 4415 954 4492 argumenti
984 4411 1068 4474 Rom.
1101 4404 1193 4474 1784.
1232 4405 1264 4474 4.
