2788 4884
138 273 200 339 180
642 278 796 356 Chirurgie

183 430 400 490 Wuudaruneilr.
443 431 541 489 Erfurt
556 425 646 490 1757.
663 451 691 509 p.
703 427 797 491 18-
809 425 859 489 35.
888 441 1048 508 (0100000.
1065 440 1189 494 Gesner
1206 441 1239 492 de
1253 455 1303 491 ate·

184 513 288 564 dicione
304 512 474 582 chirurgicac
489 513 654 580 antiquitate
671 519 698 564 et
714 511 883 581 praestantia
899 521 927 564 et
942 512 1117 564 Enumeratio
1136 509 1301 577 alphabetico

158 593 160 598 ’
184 581 302 632 virorum
324 581 482 644 illustrium,
508 582 554 650 qui
577 598 632 632 raas
653 582 833 652 chirurgicum
857 583 900 634 ael
921 581 1028 648 scriptis
1045 583 1088 632 ael
1105 581 1175 630 artie
1191 596 1242 629 usu
1259 593 1302 628 ex·

184 651 321 702 00100001
337 650 363 702 10
382 649 425 716 ej.
444 649 595 702 collectione
613 649 769 717 chirurgica.
789 649 885 717 Tiguri
904 650 979 702 1555.
997 649 1027 711 1.,
1046 649 1092 702 101.
1109 645 1269 710 aaa-408.)

141 719 230 780 Andr.
256 721 365 783 Ottom.
400 722 576 780 Goelicke
603 722 717 779 historia
742 723 896 798 chirurgiae
921 723 1036 796 antiqua
1061 740 1112 778 seu
1138 723 1301 794 conspectus

181 805 379 884 plerorumque
399 807 422 862 si
447 827 503 864 non
529 807 651 864 omnium
675 807 840 883 scriptorum
861 812 995 882 veterum,
1020 807 1067 882 qui
1089 825 1106 862 a
1127 804 1222 882 primis
1238 803 1301 860 artis

183 891 307 949 medicae
328 891 499 948 incunabulis
527 910 616 966 usque
636 891 673 948 ad
702 891 823 951 seculum
854 892 990 948 decimum
1018 891 1145 966 quintum
1173 887 1302 946 inclusive

183 976 354 1050 chirurgicen
380 975 510 1052 operibus
531 977 586 1032 suis
608 983 786 1034 exornarunt.
840 975 905 1034 Hal.
936 971 1025 1036 1713.
1054 969 1084 1032 8.
1114 1007 1157 1017 -
1180 971 1300 1047 Ejusd.

183 1059 298 1118 historia
318 1059 472 1134 chirurgiae
493 1061 630 1118 recentior
651 1080 700 1118 seu
726 1061 810 1118 series
826 1059 1038 1137 plerorumque,
1062 1059 1086 1116 si
1105 1078 1164 1116 000
1183 1057 1302 1114 omnium

184 1145 349 1220 scriptorum
368 1145 594 1218 novissimorum,
616 1145 663 1219 qui
689 1145 781 1204 seculo
807 1146 915 1202 decimo
943 1151 1021 1202 sexto
1051 1149 1080 1201 et
1102 1145 1175 1200 circa
1196 1141 1302 1200 initium
1364 1173 1366 1204 2

184 1229 269 1287 seculi
299 1228 396 1285 decimi
426 1229 536 1306 septimi
566 1229 737 1304 chirurgicen
767 1231 898 1306 operibus
926 1231 982 1287 suis
1012 1229 1194 1289 illustrarunt.
1236 1225 1301 1284 Hal.
1364 1209 1366 1320 Ξ

132 1309 134 1312 ’
186 1308 276 1372 1713.
299 1309 327 1372 8.
351 1317 479 1381 (Minoris
500 1319 626 1370 momenti
641 1319 793 1387 opucula.)
1365 1337 1366 1342 ¹

142 1395 186 1458 Jo.
211 1397 328 1456 Zachar.
354 1397 500 1456 Platuer
527 1399 563 1456 de
584 1397 721 1474 chirurgia
742 1399 810 1456 artis
830 1399 953 1456 medicae
967 1404 1091 1474 parente.
1119 1393 1197 1473 Lips.
1209 1387 1300 1454 1721.

183 1480 215 1544 4.
237 1516 278 1525 —
304 1483 391 1540 Redit
414 1487 444 1540 in
465 1483 563 1558 Ejusd.
586 1503 697 1560 opuscc.
717 1490 783 1544 torn.
807 1483 841 1540 11.
868 1503 934 1560 pag.
958 1477 1081 1542 1-10,
1104 1515 1147 1524 -
1173 1479 1300 1540 German.

182 1571 212 1625 in
233 1567 398 1643 Sammlung
417 1569 523 1642 einiger
543 1567 651 1626 ideineu
673 1569 811 1625 Schriften
833 1587 897 1624 vom
918 1567 1067 1644 Ursprung
1079 1567 1129 1623 der
1145 1564 1302 1622 Wundarz-

183 1653 312 1710 neikunst
334 1659 386 1713 etc.
430 1653 528 1710 Erfurt
550 1646 641 1716 1757.
666 1673 732 1730 pag.
756 1647 910 1712 11-88.
943 1665 997 1732 (De
1016 1663 1192 1716 vetustissima
1208 1666 1301 1727 etmy-

184 1732 256 1785 thica
275 1733 419 1800 chirurgiae
437 1733 545 1785 historia
563 1741 591 1786 et
608 1733 641 1786 de
659 1733 836 1802 chirurgnrum
853 1733 878 1784 in
890 1733 978 1785 Gallia
994 1732 1142 1784 conditione
1155 1729 1301 1798 quaedam.)

143 1802 246 1864 Abrah.
272 1806 378 1862 Vater
404 1825 498 1882 progr.
525 1809 562 1864 de
588 1807 742 1882 chirurgiae
769 1807 935 1880 antiquitate
960 1814 988 1864 et
1010 1806 1147 1880 dignitate
1169 1811 1197 1860 et
1218 1801 1301 1859 colle·
1364 1841 1366 1864 2

184 1891 293 1964 giorum
316 1889 532 1964 chirurgicorum
558 1891 684 1948 utilitate.
728 1885 966 1949 7110517884.
993 1901 1061 1967 (Cfr.
1080 1902 1173 1954 badio.
1195 1900 1300 1950 Cisau-
1364 1865 1366 1952 l

185 1973 261 2022 lant
279 1971 322 2020 die
343 1969 487 2040 Chirurgie
504 1973 538 2022 ias
551 1973 694 2040 srdhestcn
709 1972 871 2023 Mittelalter
888 1971 915 2022 in
930 1971 1017 2024 Hhser
1031 1969 1127 2022 Archiv
1145 1971 1188 2021 ror
1202 1969 1299 2034 ‹liege-
1364 1961 1366 2030 Ξ

182 2046 290 2090 sammte
306 2033 430 2102 Medicis,
448 2039 497 2093 Bd.
516 2040 534 2091 1.
560 2040 589 2096 S.
606 2039 786 2107 tlt-435.)
1364 2031 1366 2100 l

139 2110 184 2172 Jo.
207 2110 278 2168 Geo.
305 2111 444 2168 Maurer
467 2111 654 2170 Vademecum
676 2113 870 2188 chirurgicum,
890 2111 979 2170 woriu
1000 2111 1051 2168 der
1074 2111 1226 2187 Ursprung
1242 2107 1300 2166 trud
1364 2107 1366 2198 l

182 2195 228 2252 die
249 2195 363 2270 heatige
388 2195 612 2254 Beschaffenheit
639 2199 689 2254 der
717 2197 864 2272 Chirurgie
888 2197 1041 2254 entworsen
1069 2196 1146 2252 wird.
1191 2193 1300 2252 505011-
1364 2199 1366 2268 l

181 2279 287 2338 hausen
313 2275 402 2342 1731.
424 2276 453 2338 8.
478 2315 522 2324 -
551 2280 645 2338 Recta.
674 2283 719 2338 soh
746 2283 838 2339 titrdo:
866 2281 1037 2339 Griiudliche
1062 2279 1225 2354 Eiuleitung
1252 2297 1300 2334 zur
1365 2329 1366 2334 ,

180 2365 336 2439 Chirurgie.
377 2365 494 2440 Franks.
517 2385 544 2426 u.
566 2364 663 2442 Leipz.
690 2361 780 2426 1737.
811 2363 840 2424 8.

138 2449 303 2524 Sammluog
331 2449 436 2524 einiger
467 2447 575 2508 1101000
605 2469 660 2507 vnn
688 2450 850 2508 beriihmten
879 2446 1001 2508 Aerzten
1022 2447 1142 2507 vormals
1170 2446 1199 2504 in
1222 2445 1299 2504 latei·
1365 2443 1366 2504 j

179 2535 287 2591 nischer
303 2535 428 2610 Sprache
450 2533 715 2610 hernusgegebenen
738 2536 879 2593 Schriften
901 2555 957 2592 von
985 2537 1048 2592 dem
1070 2533 1220 2610 Ursprung
1242 2529 1299 2588 trud
1365 2611 1366 2614 Ἴ

180 2619 235 2675 den
261 2619 439 2676 Schicksaleu
465 2621 515 2676 der
544 2619 826 2678 Wundarzneikunst.
880 2619 935 2676 Mit
954 2621 1122 2692 Beifiigung
1144 2619 1221 2674 eines
1243 2616 1298 2674 Re·
1365 2617 1366 2644 ³

178 2703 275 2778 sponsi
298 2705 347 2760 der
371 2705 468 2762 medic.
490 2703 621 2762 Facultiit
637 2725 673 2762 zu
697 2705 792 2762 Halle:
825 2703 861 2760 ob
887 2704 933 2760 die
958 2705 986 2762 in
1012 2702 1164 2777 Niirnberg
1190 2701 1299 2758 heliud·
1364 2735 1366 2778 1

178 2787 268 2844 lichen
294 2789 423 2845 Barbirer
445 2791 502 2845 und
529 2789 704 2847 Wund'arzte
726 2789 842 2847 unrecht
867 2789 987 2862 gethan,
1017 2789 1081 2844 dass
1099 2787 1138 2844 sie
1163 2787 1222 2843 sich
1244 2804 1298 2842 von
1365 2779 1366 2840 Ῑ

178 2872 324 2946 gemeineu
348 2873 640 2930 Handwerlrsziiniten
662 2875 857 2930 abzusondern
886 2874 990 2931 sucheu
1013 2875 1072 2930 und
1101 2872 1137 2928 ob
1162 2872 1203 2928 sie
1224 2869 1298 2927 nicht

177 2956 246 3012 eben
273 2955 360 3013 sowol
385 2957 424 3013 als
447 2957 493 3013 die
515 2957 676 3033 Apotheker
696 2959 746 3016 fiir
769 2957 947 3032 Angehiirige
980 2959 1029 3015 des
1051 2956 1170 3031 Collegii
1195 2955 1298 3012 Medici

177 3059 214 3096 zu
235 3039 329 3096 halten
354 3039 438 3097 sind?
465 3039 710 3116 NebstBeilagen,
735 3036 978 3102 0000175711.
1015 3055 1069 3117 (Ex
1093 3061 1207 3122 quatuor
1228 3051 1297 3104 hisce

177 3119 403 3174 dissertationibus
422 3121 489 3172 duae
503 3129 601 3173 tantum
615 3123 648 3174 ad
660 3123 790 3175 historiam
804 3122 950 3192 pertinent,
969 3123 1026 3178 scil.
1049 3124 1157 3174 Ptatner
1175 3123 1208 3172 de
1228 3121 1297 3172 chir-

176 3189 260 3260 urgia
284 3190 353 3241 artis
377 3192 493 3242 medicae
508 3199 621 3258 parente
641 3198 669 3244 et
687 3193 799 3261 Sleoagt
817 3194 849 3244 de
864 3193 938 3258 fatie
954 3192 1124 3262 chirurgiae,
1143 3207 1211 3258 quas
1231 3189 1297 3240 dixi-

176 3275 240 3313 mus.
276 3259 387 3310 Accedit
404 3259 516 3310 decisum
531 3260 715 3312 Universitatis
736 3259 877 3327 Pragensis
894 3260 955 3312 anni
974 3259 1053 3324 1718,
1074 3260 1212 3326 chirurgos
1231 3257 1298 3310 civi-

175 3327 239 3379 tatis
257 3327 394 3394 Pragensis
412 3329 514 3397 praeire
532 3328 742 3396 pharmaceutis.)

134 3387 259 3474 Beniam.
284 3399 407 3458 Gooch
433 3401 601 3478 apractical
624 3403 737 3458 treatise
759 3421 795 3458 on
818 3402 935 3458 wounds
960 3408 1014 3462 etc.
1040 3401 1095 3458 aud
1116 3419 1133 3458 a
1152 3398 1234 3455 short
1256 3397 1313 3470 hi-⁴

176 3483 287 3542 storical
312 3491 430 3542 account
452 3487 486 3543 of
505 3485 553 3543 the
575 3487 628 3544 rise
648 3486 704 3542 and
729 3505 861 3564 progress
883 3486 917 3542 of
938 3504 1054 3562 surgery
1075 3485 1132 3542 and
1156 3489 1296 3558 anatomy.

176 3567 307 3627 Norwich
333 3563 423 3630 1767.
445 3566 474 3628 8.
505 3584 583 3647 (Ant.
607 3584 720 3635 Portal
737 3584 848 3634 histoire
865 3584 896 3634 de
919 3582 1070 3634 l’anotomie
1087 3581 1158 3634 etde
1173 3583 1202 3634 ia
1224 3581 1296 3634 chir-

177 3651 263 3719 urgie.
305 3649 656 3716 Ρο1101770-1773.8.;
683 3652 743 3704 vide
760 3669 839 3719 supra
858 3669 918 3720 pag.
939 3652 1011 3718 142.)
1359 3677 1362 3684 ·

135 3735 284 3820 (Franci)
307 3735 486 3811 Dujardiu
507 3739 621 3798 histoire
643 3741 679 3800 de
700 3741 727 3798 la
749 3740 885 3813 chirurgie
900 3741 999 3818 depuis
1013 3759 1064 3798 son
1083 3739 1191 3815 origiue
1201 3733 1297 3813 jusqu’

159 3822 193 3880 ’5
215 3842 268 3880 nos
289 3822 376 3896 jours.
399 3821 476 3880 Avec
500 3823 568 3899 ligg.
590 3825 673 3882 Tom.
695 3824 716 3882 1.
738 3823 816 3881 Paris
842 3817 933 3884 1774.
958 3821 987 3882 1.
1009 3824 1092 3882 Tam.
1107 3825 1143 3884 ll.
1164 3825 1299 3902 parBer·

177 3908 247 3964 nard
268 3906 442 3982 Peyrilhc.
487 3907 563 3965 Paris
587 3904 677 3972 1781),
699 3904 729 3972 4.
755 3922 816 3987 (His
826 3920 1107 3974 duobusvoluminibus
1117 3921 1203 3990 operis
1216 3919 1296 3972 editio

177 3987 288 4040 nondum
312 3988 345 4038 ad
369 3987 444 4040 finem
462 3990 587 4057 perducta
612 3997 668 4054 est,
690 3989 806 4058 quamvis
830 4007 875 4046 ms.
900 3991 1013 4044 existere
1031 3989 1126 4042 dicitur
1144 3989 1253 4043 Parisiis
1270 3989 1295 4041 in

176 4057 331 4109 bibliotheca
349 4057 506 4110 Professoris
524 4065 584 4111 Ant.
603 4059 721 4124 Dubois.)

134 4143 210 4224 (Nic.
236 4145 398 4226 Riegels)
420 4145 532 4222 Forsog
552 4147 583 4206 til
604 4148 784 4222 Chirurgiens
809 4148 934 4208 historia.
963 4146 1132 4206 Kiobnharn
1156 4140 1248 4206 1787.
1267 4140 1295 4203 8.

177 4228 291 4310 Latine:
324 4231 368 4290 De
401 4233 463 4288 fatis
496 4233 593 4290 faustis
626 4238 655 4290 et
686 4234 813 4290 infaustis
840 4233 1011 4308 chirurgiae,
1045 4251 1096 4288 nec
1124 4249 1183 4287 non
1210 4231 1296 4307 ipsius

178 4313 318 4373 interdum
338 4316 521 4374 indissolubili
541 4317 658 4376 amicitia
684 4337 747 4375 cnm
765 4319 903 4375 medicina
927 4317 1082 4391 ceterisque
1105 4314 1206 4371 studiis
1232 4314 1296 4372 lihe-

177 4399 323 4484 roboribus
347 4401 383 4458 ah
406 4401 492 4480 ipsius
524 4403 630 4480 origine
657 4403 695 4460 ad
717 4407 814 4461 nostra
835 4419 924 4478 usqne
947 4407 1074 4480 tempora
1100 4399 1296 4459 commentatio
