<?xml version="1.0" encoding="UTF-8"?>
<!DOCTYPE html PUBLIC "-//W3C//DTD XHTML 1.0 Transitional//EN"
    "http://www.w3.org/TR/xhtml1/DTD/xhtml1-transitional.dtd">
<html xmlns="http://www.w3.org/1999/xhtml" xml:lang="en" lang="en">
 <head>
  <title>
</title>
<meta http-equiv="Content-Type" content="text/html;charset=utf-8" />
  <meta name='ocr-system' content='tesseract 3.04.00' />
  <meta name='ocr-capabilities' content='ocr_page ocr_carea ocr_par ocr_line ocrx_word'/>
</head>
<body>
  <div class='ocr_page' id='page_1' title='image "./bibliothecamedi01chougoog_0070.png"; bbox 0 0 2808 4872; ppageno 0'>
   <div class='ocr_carea' id='block_1_1' title="bbox 108 196 833 278">
    <p class='ocr_par' dir='ltr' id='par_1_1' title="bbox 108 196 833 278">
     <span class='ocr_line' id='line_1_1' title="bbox 108 196 833 278; baseline 0.003 -19"><span class='ocrx_word' id='word_1_1' title='bbox 108 197 151 260; x_wconf 82' lang='lat'><strong><em>56</em></strong></span> <span class='ocrx_word' id='word_1_2' title='bbox 173 219 176 224; x_wconf 86' lang='lat'>·</span> <span class='ocrx_word' id='word_1_3' title='bbox 551 196 690 260; x_wconf 77' lang='lat' dir='ltr'>Medicina</span> <span class='ocrx_word' id='word_1_4' title='bbox 710 199 833 278; x_wconf 80' lang='lat' dir='ltr'><strong><em>anb&#39;qua.</em></strong></span> 
     </span>
    </p>
   </div>
   <div class='ocr_carea' id='block_1_2' title="bbox 108 345 1373 762">
    <p class='ocr_par' dir='ltr' id='par_1_2' title="bbox 108 345 1373 762">
     <span class='ocr_line' id='line_1_2' title="bbox 154 345 1373 420; baseline -0.002 -18"><span class='ocrx_word' id='word_1_5' title='bbox 154 349 181 403; x_wconf 86' lang='lat' dir='ltr'><strong><em>in</em></strong></span> <span class='ocrx_word' id='word_1_6' title='bbox 199 365 251 420; x_wconf 87' lang='lat' dir='ltr'><strong><em>qna</em></strong></span> <span class='ocrx_word' id='word_1_7' title='bbox 268 353 345 403; x_wconf 88' lang='lat' dir='ltr'><strong><em>natus</em></strong></span> <span class='ocrx_word' id='word_1_8' title='bbox 362 353 434 416; x_wconf 84' lang='lat' dir='ltr'><strong><em>erat,</em></strong></span> <span class='ocrx_word' id='word_1_9' title='bbox 455 347 535 402; x_wconf 88' lang='lat' dir='ltr'><strong><em>Plinii</em></strong></span> <span class='ocrx_word' id='word_1_10' title='bbox 552 354 632 418; x_wconf 81' lang='lat' dir='ltr'><strong><em>utque</em></strong></span> <span class='ocrx_word' id='word_1_11' title='bbox 645 349 759 406; x_wconf 76' lang='lat' dir='ltr'><strong><em>Arabum</em></strong></span> <span class='ocrx_word' id='word_1_12' title='bbox 773 365 877 404; x_wconf 85' lang='lat' dir='ltr'><strong><em>errores</em></strong></span> <span class='ocrx_word' id='word_1_13' title='bbox 894 345 966 402; x_wconf 87' lang='lat' dir='ltr'><strong><em>circa</em></strong></span> <span class='ocrx_word' id='word_1_14' title='bbox 982 345 1174 418; x_wconf 80' lang='lat' dir='ltr'><strong><em>descriptiones</em></strong></span> <span class='ocrx_word' id='word_1_15' title='bbox 1190 361 1285 400; x_wconf 84' lang='lat' dir='ltr'><strong><em>rernm</em></strong></span> <span class='ocrx_word' id='word_1_16' title='bbox 1372 367 1373 372; x_wconf 44' lang='lat'>¹</span> 
     </span>
     <span class='ocr_line' id='line_1_3' title="bbox 155 414 1283 474; baseline -0.004 -2"><span class='ocrx_word' id='word_1_17' title='bbox 155 418 310 472; x_wconf 74' lang='lat' dir='ltr'><strong>naturalium</strong></span> <span class='ocrx_word' id='word_1_18' title='bbox 331 425 406 471; x_wconf 85' lang='lat' dir='ltr'><strong><em>notat</em></strong></span> <span class='ocrx_word' id='word_1_19' title='bbox 429 425 457 472; x_wconf 86' lang='lat' dir='ltr'><strong><em>et</em></strong></span> <span class='ocrx_word' id='word_1_20' title='bbox 477 419 606 474; x_wconf 87' lang='lat' dir='ltr'><strong><em>emendat.</em></strong></span> <span class='ocrx_word' id='word_1_21' title='bbox 624 421 738 474; x_wconf 85' lang='lat' dir='ltr'><strong><em>Praeter</em></strong></span> <span class='ocrx_word' id='word_1_22' title='bbox 754 417 871 474; x_wconf 84' lang='lat' dir='ltr'><strong><em>llermol.</em></strong></span> <span class='ocrx_word' id='word_1_23' title='bbox 889 418 1034 472; x_wconf 89' lang='lat' dir='ltr'><strong><em>Barbarum</em></strong></span> <span class='ocrx_word' id='word_1_24' title='bbox 1057 417 1138 470; x_wconf 82' lang='lat' dir='ltr'><strong><em>etiam</em></strong></span> <span class='ocrx_word' id='word_1_25' title='bbox 1154 414 1283 468; x_wconf 81' lang='lat' dir='ltr'><strong><em>Pendolf.</em></strong></span> 
     </span>
     <span class='ocr_line' id='line_1_4' title="bbox 156 483 1373 559; baseline -0.002 -19"><span class='ocrx_word' id='word_1_26' title='bbox 156 485 307 540; x_wconf 87' lang='lat' dir='ltr'><strong><em>Collenucci</em></strong></span> <span class='ocrx_word' id='word_1_27' title='bbox 324 506 372 558; x_wconf 89' lang='lat' dir='ltr'><strong><em>pro</em></strong></span> <span class='ocrx_word' id='word_1_28' title='bbox 381 485 467 540; x_wconf 90' lang='lat' dir='ltr'><strong><em>Plinio</em></strong></span> <span class='ocrx_word' id='word_1_29' title='bbox 486 488 761 541; x_wconf 83' lang='lat' dir='ltr'><strong><em>contraLeonicenum</em></strong></span> <span class='ocrx_word' id='word_1_30' title='bbox 778 489 925 559; x_wconf 73' lang='lat' dir='ltr'><strong>pugnabat,</strong></span> <span class='ocrx_word' id='word_1_31' title='bbox 944 485 1028 540; x_wconf 78' lang='lat' dir='ltr'>edidit</span> <span class='ocrx_word' id='word_1_32' title='bbox 1043 485 1100 540; x_wconf 87' lang='lat' dir='ltr'><strong><em>scil.</em></strong></span> <span class='ocrx_word' id='word_1_33' title='bbox 1124 485 1285 538; x_wconf 75' lang='lat' dir='ltr'><strong><em>Plinium</em></strong></span> <span class='ocrx_word' id='word_1_34' title='bbox 1372 483 1373 532; x_wconf 72' lang='lat' dir='ltr'><strong><em>l</em></strong></span> 
     </span>
     <span class='ocr_line' id='line_1_5' title="bbox 156 553 1373 624; baseline -0.002 -16"><span class='ocrx_word' id='word_1_35' title='bbox 156 557 330 624; x_wconf 72' lang='lat' dir='ltr'><strong><em>defensionem</em></strong></span> <span class='ocrx_word' id='word_1_36' title='bbox 347 557 473 608; x_wconf 79' lang='lat' dir='ltr'><strong><em>adversm</em></strong></span> <span class='ocrx_word' id='word_1_37' title='bbox 493 557 553 612; x_wconf 87' lang='lat' dir='ltr'><strong><em>Nic.</em></strong></span> <span class='ocrx_word' id='word_1_38' title='bbox 565 558 706 610; x_wconf 78' lang='lat' dir='ltr'><strong><em>Leoniceni</em></strong></span> <span class='ocrx_word' id='word_1_39' title='bbox 723 557 924 610; x_wconf 75' lang='lat' dir='ltr'><strong><em>accusationem.</em></strong></span> <span class='ocrx_word' id='word_1_40' title='bbox 941 555 1047 610; x_wconf 71' lang='lat' dir='ltr'><strong><em>Fertor.</em></strong></span> <span class='ocrx_word' id='word_1_41' title='bbox 1064 571 1085 610; x_wconf 84' lang='lat' dir='ltr'><strong><em>c.</em></strong></span> <span class='ocrx_word' id='word_1_42' title='bbox 1102 571 1130 610; x_wconf 85' lang='lat' dir='ltr'><strong><em>n.</em></strong></span> <span class='ocrx_word' id='word_1_43' title='bbox 1146 553 1188 617; x_wconf 91' lang='grc'><strong>4.,·</strong></span> <span class='ocrx_word' id='word_1_44' title='bbox 1211 571 1283 606; x_wconf 86' lang='lat' dir='ltr'><strong><em>con·</em></strong></span> <span class='ocrx_word' id='word_1_45' title='bbox 1372 555 1373 606; x_wconf 84' lang='lat'><em>]</em></span> 
     </span>
     <span class='ocr_line' id='line_1_6' title="bbox 108 611 1373 680; baseline -0.003 -3"><span class='ocrx_word' id='word_1_46' title='bbox 108 623 111 629; x_wconf 77' lang='grc'><em>’</em></span> <span class='ocrx_word' id='word_1_47' title='bbox 156 623 199 677; x_wconf 86' lang='lat' dir='ltr'><strong><em>tra</em></strong></span> <span class='ocrx_word' id='word_1_48' title='bbox 216 625 294 678; x_wconf 84' lang='lat' dir='ltr'><strong><em>barre:</em></strong></span> <span class='ocrx_word' id='word_1_49' title='bbox 315 626 384 680; x_wconf 60' lang='lat' dir='ltr'><strong><em>laud.</em></strong></span> <span class='ocrx_word' id='word_1_50' title='bbox 398 625 535 677; x_wconf 89' lang='lat' dir='ltr'><strong><em>Pontici</em></strong></span> <span class='ocrx_word' id='word_1_51' title='bbox 550 627 573 675; x_wconf 77' lang='lat' dir='ltr'><em>V</em></span> <span class='ocrx_word' id='word_1_52' title='bbox 578 627 588 677; x_wconf 85' lang='lat' dir='ltr'><strong><em>i</em></strong></span> <span class='ocrx_word' id='word_1_53' title='bbox 594 643 658 678; x_wconf 84' lang='lat' dir='ltr'><strong><em>run</em></strong></span> <span class='ocrx_word' id='word_1_54' title='bbox 667 628 694 677; x_wconf 89' lang='lat' dir='ltr'><strong><em>ii</em></strong></span> <span class='ocrx_word' id='word_1_55' title='bbox 707 627 839 678; x_wconf 81' lang='lat' dir='ltr'><strong><em>invectiva</em></strong></span> <span class='ocrx_word' id='word_1_56' title='bbox 848 631 941 677; x_wconf 84' lang='lat' dir='ltr'><strong><em>centra</em></strong></span> <span class='ocrx_word' id='word_1_57' title='bbox 954 625 1037 676; x_wconf 86' lang='lat' dir='ltr'><strong><em>Pond.</em></strong></span> <span class='ocrx_word' id='word_1_58' title='bbox 1049 623 1242 676; x_wconf 84' lang='lat' dir='ltr'><strong><em>Collenuoeiurn</em></strong></span> <span class='ocrx_word' id='word_1_59' title='bbox 1252 622 1284 673; x_wconf 86' lang='lat' dir='ltr'><strong><em>in</em></strong></span> <span class='ocrx_word' id='word_1_60' title='bbox 1371 611 1373 674; x_wconf 72' lang='lat' dir='ltr'><strong><em>i</em></strong></span> 
     </span>
     <span class='ocr_line' id='line_1_7' title="bbox 158 690 1373 762; baseline -0.003 -16"><span class='ocrx_word' id='word_1_61' title='bbox 158 695 333 760; x_wconf 75' lang='lat' dir='ltr'><strong><em>defensionem</em></strong></span> <span class='ocrx_word' id='word_1_62' title='bbox 352 693 510 757; x_wconf 70' lang='lat' dir='ltr'><strong><em>secaneos.</em></strong></span> <span class='ocrx_word' id='word_1_63' title='bbox 532 695 699 762; x_wconf 80' lang='lat' dir='ltr'><strong><em>Soblectodt,</em></strong></span> <span class='ocrx_word' id='word_1_64' title='bbox 723 695 797 750; x_wconf 73' lang='lat'><strong><em>1510.</em></strong></span> <span class='ocrx_word' id='word_1_65' title='bbox 823 693 865 760; x_wconf 79' lang='lat' dir='ltr'><strong><em>t.;</em></strong></span> <span class='ocrx_word' id='word_1_66' title='bbox 885 693 936 748; x_wconf 85' lang='lat' dir='ltr'><strong><em>cir.</em></strong></span> <span class='ocrx_word' id='word_1_67' title='bbox 953 691 1145 746; x_wconf 75' lang='lat' dir='ltr'><strong><em>Bucherkunde</em></strong></span> <span class='ocrx_word' id='word_1_68' title='bbox 1167 691 1211 745; x_wconf 77' lang='lat' dir='ltr'><strong><em>fair</em></strong></span> <span class='ocrx_word' id='word_1_69' title='bbox 1234 690 1285 743; x_wconf 87' lang='lat' dir='ltr'><strong><em>die</em></strong></span> <span class='ocrx_word' id='word_1_70' title='bbox 1372 711 1373 716; x_wconf 48' lang='lat'>¹</span> 
     </span>
    </p>
   </div>
   <div class='ocr_carea' id='block_1_3' title="bbox 114 761 1286 1082">
    <p class='ocr_par' dir='ltr' id='par_1_3' title="bbox 114 761 1286 1082">
     <span class='ocr_line' id='line_1_8' title="bbox 158 761 550 830; baseline 0.003 -16"><span class='ocrx_word' id='word_1_71' title='bbox 158 763 241 814; x_wconf 66' lang='lat' dir='ltr'><strong><em>altera</em></strong></span> <span class='ocrx_word' id='word_1_72' title='bbox 265 763 382 816; x_wconf 88' lang='lat' dir='ltr'><strong><em>Medicin</em></strong></span> <span class='ocrx_word' id='word_1_73' title='bbox 398 779 458 830; x_wconf 86' lang='lat' dir='ltr'><strong><em>pag.</em></strong></span> <span class='ocrx_word' id='word_1_74' title='bbox 476 761 550 830; x_wconf 85' lang='grc'><strong>203.)</strong></span> 
     </span>
     <span class='ocr_line' id='line_1_9' title="bbox 114 829 1286 912; baseline -0.004 -20"><span class='ocrx_word' id='word_1_75' title='bbox 114 835 160 893; x_wconf 92' lang='lat' dir='ltr'><strong><em>Jo.</em></strong></span> <span class='ocrx_word' id='word_1_76' title='bbox 185 835 252 896; x_wconf 85' lang='lat' dir='ltr'><strong><em>Era.</em></strong></span> <span class='ocrx_word' id='word_1_77' title='bbox 277 835 512 905; x_wconf 81' lang='lat' dir='ltr'><strong><em>Hebeustreit</em></strong></span> <span class='ocrx_word' id='word_1_78' title='bbox 531 853 627 912; x_wconf 86' lang='lat' dir='ltr'><strong><em>progr.</em></strong></span> <span class='ocrx_word' id='word_1_79' title='bbox 654 837 690 894; x_wconf 89' lang='lat' dir='ltr'><strong><em>de</em></strong></span> <span class='ocrx_word' id='word_1_80' title='bbox 713 834 855 892; x_wconf 80' lang='lat' dir='ltr'><strong><em>ordinibus</em></strong></span> <span class='ocrx_word' id='word_1_81' title='bbox 876 853 1049 910; x_wconf 86' lang='lat' dir='ltr'><strong><em>gemmarum</em></strong></span> <span class='ocrx_word' id='word_1_82' title='bbox 1069 831 1162 891; x_wconf 85' lang='lat' dir='ltr'><strong><em>verbis</em></strong></span> <span class='ocrx_word' id='word_1_83' title='bbox 1176 829 1286 890; x_wconf 84' lang='lat' dir='ltr'><strong><em>C.Pli-</em></strong></span> 
     </span>
     <span class='ocr_line' id='line_1_10' title="bbox 157 916 1284 1082; baseline -0.002 -106"><span class='ocrx_word' id='word_1_84' title='bbox 157 919 341 1082; x_wconf 59' lang='lat' dir='ltr'><strong><em>piiipsexlpjpp</em></strong></span> <span class='ocrx_word' id='word_1_85' title='bbox 373 917 441 1061; x_wconf 44' lang='lat' dir='ltr'><strong><em>{ab</em></strong></span> <span class='ocrx_word' id='word_1_86' title='bbox 473 919 583 981; x_wconf 81' lang='lat' dir='ltr'><strong><em>Hister.</em></strong></span> <span class='ocrx_word' id='word_1_87' title='bbox 614 919 632 983; x_wconf 92' lang='lat' dir='ltr'><strong><em>l.</em></strong></span> <span class='ocrx_word' id='word_1_88' title='bbox 660 919 821 997; x_wconf 63' lang='lat' dir='ltr'><strong><em>xxxvii„</em></strong></span> <span class='ocrx_word' id='word_1_89' title='bbox 853 921 902 996; x_wconf 88' lang='lat' dir='ltr'><strong><em>qui</em></strong></span> <span class='ocrx_word' id='word_1_90' title='bbox 927 925 1006 979; x_wconf 87' lang='lat' dir='ltr'><strong><em>totus</em></strong></span> <span class='ocrx_word' id='word_1_91' title='bbox 1027 920 1064 978; x_wconf 88' lang='lat' dir='ltr'><strong><em>de</em></strong></span> <span class='ocrx_word' id='word_1_92' title='bbox 1085 916 1201 1001; x_wconf 85' lang='lat' dir='ltr'><strong><em>gemmis</em></strong></span> <span class='ocrx_word' id='word_1_93' title='bbox 1226 922 1284 974; x_wconf 83' lang='lat' dir='ltr'><strong><em>est.</em></strong></span> 
     </span>
    </p>
   </div>
   <div class='ocr_carea' id='block_1_4' title="bbox 117 1085 1286 1168">
    <p class='ocr_par' dir='ltr' id='par_1_4' title="bbox 117 1085 1286 1168">
     <span class='ocr_line' id='line_1_11' title="bbox 117 1085 1286 1168; baseline -0.003 -22"><span class='ocrx_word' id='word_1_94' title='bbox 117 1088 185 1148; x_wconf 89' lang='lat' dir='ltr'><strong><em>Ern.</em></strong></span> <span class='ocrx_word' id='word_1_95' title='bbox 210 1088 289 1147; x_wconf 88' lang='lat' dir='ltr'><strong><em>Frid.</em></strong></span> <span class='ocrx_word' id='word_1_96' title='bbox 313 1086 469 1146; x_wconf 85' lang='lat' dir='ltr'><strong><em>Glocker</em></strong></span> <span class='ocrx_word' id='word_1_97' title='bbox 492 1089 528 1147; x_wconf 88' lang='lat' dir='ltr'><strong><em>de</em></strong></span> <span class='ocrx_word' id='word_1_98' title='bbox 550 1089 666 1165; x_wconf 88' lang='lat' dir='ltr'><strong><em>gemmis</em></strong></span> <span class='ocrx_word' id='word_1_99' title='bbox 687 1087 766 1146; x_wconf 87' lang='lat' dir='ltr'><strong><em>Plinii</em></strong></span> <span class='ocrx_word' id='word_1_100' title='bbox 787 1089 911 1168; x_wconf 81' lang='lat' dir='ltr'><strong><em>inprimis</em></strong></span> <span class='ocrx_word' id='word_1_101' title='bbox 933 1089 970 1148; x_wconf 88' lang='lat' dir='ltr'><strong><em>de</em></strong></span> <span class='ocrx_word' id='word_1_102' title='bbox 991 1087 1113 1166; x_wconf 86' lang='lat' dir='ltr'><strong><em>topazio.</em></strong></span> <span class='ocrx_word' id='word_1_103' title='bbox 1157 1085 1286 1164; x_wconf 84' lang='lat' dir='ltr'><strong><em>Orycto-</em></strong></span> 
     </span>
    </p>
   </div>
   <div class='ocr_carea' id='block_1_5' title="bbox 158 1168 1375 1250">
    <p class='ocr_par' dir='ltr' id='par_1_5' title="bbox 158 1168 1375 1250">
     <span class='ocr_line' id='line_1_12' title="bbox 158 1168 1375 1250; baseline -0.002 -20"><span class='ocrx_word' id='word_1_104' title='bbox 158 1172 252 1248; x_wconf 83' lang='lat' dir='ltr'><strong><em>lagiae</em></strong></span> <span class='ocrx_word' id='word_1_105' title='bbox 279 1171 421 1230; x_wconf 89' lang='lat' dir='ltr'><strong><em>Pliniauae</em></strong></span> <span class='ocrx_word' id='word_1_106' title='bbox 446 1176 584 1250; x_wconf 79' lang='lat' dir='ltr'><strong><em>specimen</em></strong></span> <span class='ocrx_word' id='word_1_107' title='bbox 611 1174 632 1236; x_wconf 86' lang='lat' dir='ltr'><strong><em>l.</em></strong></span> <span class='ocrx_word' id='word_1_108' title='bbox 676 1168 995 1234; x_wconf 60' lang='lat' dir='ltr'><strong><em>vaticinamus&amp;</em></strong></span> <span class='ocrx_word' id='word_1_109' title='bbox 1040 1177 1117 1246; x_wconf 84' lang='lat' dir='ltr'><strong><em>(Cfr.</em></strong></span> <span class='ocrx_word' id='word_1_110' title='bbox 1132 1177 1193 1244; x_wconf 90' lang='lat' dir='ltr'><strong><em>lgn.</em></strong></span> <span class='ocrx_word' id='word_1_111' title='bbox 1214 1192 1285 1228; x_wconf 80' lang='lat' dir='ltr'><strong><em>von</em></strong></span> <span class='ocrx_word' id='word_1_112' title='bbox 1374 1217 1375 1240; x_wconf 46' lang='lat'><em>2</em></span> 
     </span>
    </p>
   </div>
   <div class='ocr_carea' id='block_1_6' title="bbox 72 1252 1376 1454">
    <p class='ocr_par' dir='ltr' id='par_1_6' title="bbox 72 1240 1376 1454">
     <span class='ocr_line' id='line_1_13' title="bbox 160 1252 1376 1320; baseline 0 -14"><span class='ocrx_word' id='word_1_113' title='bbox 160 1255 247 1306; x_wconf 87' lang='lat' dir='ltr'><strong><em>Born</em></strong></span> <span class='ocrx_word' id='word_1_114' title='bbox 264 1257 329 1306; x_wconf 80' lang='lat' dir='ltr'><strong><em>siber</em></strong></span> <span class='ocrx_word' id='word_1_115' title='bbox 347 1256 396 1306; x_wconf 87' lang='lat' dir='ltr'><strong><em>den</em></strong></span> <span class='ocrx_word' id='word_1_116' title='bbox 419 1255 505 1320; x_wconf 80' lang='lat' dir='ltr'><strong><em>Topos</em></strong></span> <span class='ocrx_word' id='word_1_117' title='bbox 523 1255 570 1306; x_wconf 86' lang='lat' dir='ltr'><strong><em>der</em></strong></span> <span class='ocrx_word' id='word_1_118' title='bbox 588 1257 660 1308; x_wconf 84' lang='lat' dir='ltr'><strong><em>alten</em></strong></span> <span class='ocrx_word' id='word_1_119' title='bbox 678 1257 734 1306; x_wconf 88' lang='lat' dir='ltr'><strong><em>und</em></strong></span> <span class='ocrx_word' id='word_1_120' title='bbox 751 1257 802 1306; x_wconf 89' lang='lat' dir='ltr'><strong><em>den</em></strong></span> <span class='ocrx_word' id='word_1_121' title='bbox 821 1255 976 1320; x_wconf 81' lang='lat' dir='ltr'><strong><em>Cbrpeolitb</em></strong></span> <span class='ocrx_word' id='word_1_122' title='bbox 994 1255 1039 1306; x_wconf 86' lang='lat' dir='ltr'><strong><em>des</em></strong></span> <span class='ocrx_word' id='word_1_123' title='bbox 1059 1253 1164 1306; x_wconf 83' lang='lat' dir='ltr'><strong><em>Plinius</em></strong></span> <span class='ocrx_word' id='word_1_124' title='bbox 1179 1252 1206 1305; x_wconf 83' lang='lat' dir='ltr'><strong><em>lu</em></strong></span> <span class='ocrx_word' id='word_1_125' title='bbox 1225 1253 1285 1306; x_wconf 84' lang='lat' dir='ltr'><strong><em>Ab·</em></strong></span> <span class='ocrx_word' id='word_1_126' title='bbox 1355 1301 1376 1318; x_wconf 58' lang='grc'>,</span> 
     </span>
     <span class='ocr_line' id='line_1_14' title="bbox 72 1321 1172 1454; baseline 0 -81"><span class='ocrx_word' id='word_1_127' title='bbox 72 1356 74 1359; x_wconf 81' lang='lat'><strong><em>.</em></strong></span> <span class='ocrx_word' id='word_1_128' title='bbox 162 1321 325 1390; x_wconf 87' lang='lat' dir='ltr'><strong><em>bandlungen</em></strong></span> <span class='ocrx_word' id='word_1_129' title='bbox 340 1323 411 1375; x_wconf 88' lang='lat' dir='ltr'><strong><em>einer</em></strong></span> <span class='ocrx_word' id='word_1_130' title='bbox 425 1323 650 1390; x_wconf 82' lang='lat' dir='ltr'><strong><em>Privatgesellscb.</em></strong></span> <span class='ocrx_word' id='word_1_131' title='bbox 668 1323 695 1375; x_wconf 89' lang='lat' dir='ltr'><strong><em>in</em></strong></span> <span class='ocrx_word' id='word_1_132' title='bbox 713 1324 827 1376; x_wconf 82' lang='lat' dir='ltr'><strong><em>Bbbmen</em></strong></span> <span class='ocrx_word' id='word_1_133' title='bbox 848 1321 922 1390; x_wconf 87' lang='grc'><strong>1776,</strong></span> <span class='ocrx_word' id='word_1_134' title='bbox 941 1323 977 1376; x_wconf 91' lang='lat' dir='ltr'><strong><em>ll.</em></strong></span> <span class='ocrx_word' id='word_1_135' title='bbox 994 1340 1058 1454; x_wconf 64' lang='lat' dir='ltr'><strong><em>pag.</em></strong></span> <span class='ocrx_word' id='word_1_136' title='bbox 1077 1323 1101 1377; x_wconf 94' lang='lat' dir='ltr'><strong><em>l.</em></strong></span> <span class='ocrx_word' id='word_1_137' title='bbox 1119 1338 1132 1373; x_wconf 84' lang='lat' dir='ltr'><strong><em>e</em></strong></span> <span class='ocrx_word' id='word_1_138' title='bbox 1153 1325 1172 1388; x_wconf 88' lang='lat'><strong><em>.)</em></strong></span> 
     </span>
    </p>
   </div>
   <div class='ocr_carea' id='block_1_7' title="bbox 118 1339 1376 1543">
    <p class='ocr_par' dir='ltr' id='par_1_7' title="bbox 118 1339 1376 1543">
     <span class='ocr_line' id='line_1_15' title="bbox 118 1339 1376 1474; baseline 0.005 -22"><span class='ocrx_word' id='word_1_139' title='bbox 118 1392 196 1456; x_wconf 90' lang='lat' dir='ltr'><strong><em>Paul.</em></strong></span> <span class='ocrx_word' id='word_1_140' title='bbox 218 1394 304 1452; x_wconf 87' lang='lat' dir='ltr'><strong><em>Lius</em></strong></span> <span class='ocrx_word' id='word_1_141' title='bbox 327 1395 414 1471; x_wconf 87' lang='lat' dir='ltr'><strong><em>(resp.</em></strong></span> <span class='ocrx_word' id='word_1_142' title='bbox 437 1395 483 1456; x_wconf 88' lang='lat' dir='ltr'><strong><em>Jo.</em></strong></span> <span class='ocrx_word' id='word_1_143' title='bbox 508 1396 618 1474; x_wconf 83' lang='lat' dir='ltr'><strong><em>Frank)</em></strong></span> <span class='ocrx_word' id='word_1_144' title='bbox 645 1397 712 1458; x_wconf 88' lang='lat' dir='ltr'><strong><em>diss.</em></strong></span> <span class='ocrx_word' id='word_1_145' title='bbox 735 1398 772 1454; x_wconf 80' lang='lat' dir='ltr'><strong><em>cle</em></strong></span> <span class='ocrx_word' id='word_1_146' title='bbox 796 1397 908 1460; x_wconf 84' lang='lat' dir='ltr'><strong><em>curalio.</em></strong></span> <span class='ocrx_word' id='word_1_147' title='bbox 950 1396 1014 1459; x_wconf 87' lang='lat' dir='ltr'><strong><em>Jen.</em></strong></span> <span class='ocrx_word' id='word_1_148' title='bbox 1057 1339 1181 1458; x_wconf 76' lang='lat' dir='ltr'><strong><em>765.q4.</em></strong></span> <span class='ocrx_word' id='word_1_149' title='bbox 1226 1399 1288 1471; x_wconf 74' lang='lat' dir='ltr'><strong><em>(Ad</em></strong></span> <span class='ocrx_word' id='word_1_150' title='bbox 1374 1369 1376 1458; x_wconf 70' lang='lat' dir='ltr'><strong><em>i</em></strong></span> 
     </span>
     <span class='ocr_line' id='line_1_16' title="bbox 162 1474 1376 1543; baseline 0.001 -16"><span class='ocrx_word' id='word_1_151' title='bbox 162 1474 228 1530; x_wconf 92' lang='lat' dir='ltr'><strong><em>Plin.</em></strong></span> <span class='ocrx_word' id='word_1_152' title='bbox 247 1475 361 1528; x_wconf 82' lang='lat' dir='ltr'><strong><em>xxxll.</em></strong></span> <span class='ocrx_word' id='word_1_153' title='bbox 380 1493 402 1531; x_wconf 89' lang='lat' dir='ltr'><strong><em>c.</em></strong></span> <span class='ocrx_word' id='word_1_154' title='bbox 421 1477 446 1532; x_wconf 99' lang='grc'><strong><em>2.</em></strong></span> <span class='ocrx_word' id='word_1_155' title='bbox 465 1494 486 1528; x_wconf 86' lang='lat' dir='ltr'><strong><em>s.</em></strong></span> <span class='ocrx_word' id='word_1_156' title='bbox 505 1478 548 1532; x_wconf 93' lang='lat' dir='ltr'><strong><em>ll.</em></strong></span> <span class='ocrx_word' id='word_1_157' title='bbox 567 1481 593 1542; x_wconf 86' lang='lat'><strong><em>§.</em></strong></span> <span class='ocrx_word' id='word_1_158' title='bbox 611 1477 668 1543; x_wconf 92' lang='grc'><strong>21.)</strong></span> <span class='ocrx_word' id='word_1_159' title='bbox 1375 1487 1376 1490; x_wconf 78' lang='grc'>’</span> 
     </span>
    </p>
   </div>
   <div class='ocr_carea' id='block_1_8' title="bbox 119 1541 1377 1626">
    <p class='ocr_par' dir='ltr' id='par_1_8' title="bbox 119 1541 1377 1626">
     <span class='ocr_line' id='line_1_17' title="bbox 119 1541 1377 1626; baseline 0 -22"><span class='ocrx_word' id='word_1_160' title='bbox 119 1541 187 1609; x_wconf 79' lang='lat' dir='ltr'><strong><em>Ant.</em></strong></span> <span class='ocrx_word' id='word_1_161' title='bbox 216 1546 302 1608; x_wconf 89' lang='lat' dir='ltr'><strong><em>Laur.</em></strong></span> <span class='ocrx_word' id='word_1_162' title='bbox 330 1547 424 1626; x_wconf 80' lang='lat' dir='ltr'><strong><em>Apoll.</em></strong></span> <span class='ocrx_word' id='word_1_163' title='bbox 446 1549 520 1607; x_wconf 91' lang='lat' dir='ltr'><strong><em>Fe&#39;e</em></strong></span> <span class='ocrx_word' id='word_1_164' title='bbox 542 1549 752 1607; x_wconf 87' lang='lat' dir='ltr'><strong><em>commentaires</em></strong></span> <span class='ocrx_word' id='word_1_165' title='bbox 773 1569 821 1606; x_wconf 86' lang='lat' dir='ltr'><strong><em>sur</em></strong></span> <span class='ocrx_word' id='word_1_166' title='bbox 843 1549 869 1606; x_wconf 90' lang='lat' dir='ltr'><strong><em>la</em></strong></span> <span class='ocrx_word' id='word_1_167' title='bbox 890 1547 1043 1623; x_wconf 85' lang='lat' dir='ltr'><strong><em>bntauique</em></strong></span> <span class='ocrx_word' id='word_1_168' title='bbox 1064 1553 1093 1606; x_wconf 87' lang='lat' dir='ltr'><strong><em>et</em></strong></span> <span class='ocrx_word' id='word_1_169' title='bbox 1116 1547 1144 1606; x_wconf 91' lang='lat' dir='ltr'><strong><em>la</em></strong></span> <span class='ocrx_word' id='word_1_170' title='bbox 1168 1547 1290 1606; x_wconf 73' lang='lat' dir='ltr'><strong><em>matiere</em></strong></span> <span class='ocrx_word' id='word_1_171' title='bbox 1376 1581 1377 1596; x_wconf 63' lang='lat'><em>÷</em></span> 
     </span>
    </p>
   </div>
   <div class='ocr_carea' id='block_1_9' title="bbox 162 1629 1377 1705">
    <p class='ocr_par' dir='ltr' id='par_1_9' title="bbox 162 1629 1377 1705">
     <span class='ocr_line' id='line_1_18' title="bbox 162 1629 1377 1705; baseline -0.002 -15"><span class='ocrx_word' id='word_1_172' title='bbox 162 1633 297 1690; x_wconf 87' lang='lat' dir='ltr'><strong><em>me&#39;dicale</em></strong></span> <span class='ocrx_word' id='word_1_173' title='bbox 319 1635 355 1690; x_wconf 90' lang='lat' dir='ltr'><strong><em>de</em></strong></span> <span class='ocrx_word' id='word_1_174' title='bbox 378 1633 465 1696; x_wconf 86' lang='lat' dir='ltr'><strong><em>Pliue.</em></strong></span> <span class='ocrx_word' id='word_1_175' title='bbox 509 1633 587 1692; x_wconf 89' lang='lat' dir='ltr'><strong><em>Paris</em></strong></span> <span class='ocrx_word' id='word_1_176' title='bbox 610 1629 701 1694; x_wconf 90' lang='grc'><strong>1833.</strong></span> <span class='ocrx_word' id='word_1_177' title='bbox 724 1629 753 1693; x_wconf 92' lang='grc'><strong><em>8.</em></strong></span> <span class='ocrx_word' id='word_1_178' title='bbox 799 1633 872 1694; x_wconf 90' lang='lat' dir='ltr'><strong><em>Voll.</em></strong></span> <span class='ocrx_word' id='word_1_179' title='bbox 899 1632 947 1694; x_wconf 91' lang='lat' dir='ltr'><strong><em>lll.</em></strong></span> <span class='ocrx_word' id='word_1_180' title='bbox 992 1637 1137 1705; x_wconf 87' lang='lat' dir='ltr'><strong><em>(Pertinet</em></strong></span> <span class='ocrx_word' id='word_1_181' title='bbox 1151 1638 1186 1688; x_wconf 88' lang='lat' dir='ltr'><strong><em>ad</em></strong></span> <span class='ocrx_word' id='word_1_182' title='bbox 1200 1635 1290 1688; x_wconf 89' lang='lat' dir='ltr'><strong><em>Plinii</em></strong></span> <span class='ocrx_word' id='word_1_183' title='bbox 1375 1651 1377 1700; x_wconf 70' lang='lat' dir='ltr'>J</span> 
     </span>
    </p>
   </div>
   <div class='ocr_carea' id='block_1_10' title="bbox 164 1713 1377 1786">
    <p class='ocr_par' dir='ltr' id='par_1_10' title="bbox 164 1713 1377 1786">
     <span class='ocr_line' id='line_1_19' title="bbox 164 1713 1377 1786; baseline 0.001 -21"><span class='ocrx_word' id='word_1_184' title='bbox 164 1713 300 1766; x_wconf 87' lang='lat' dir='ltr'><strong><em>editionem</em></strong></span> <span class='ocrx_word' id='word_1_185' title='bbox 319 1714 562 1767; x_wconf 78' lang='lat' dir='ltr'><strong><em>Ponclrouclrianam</em></strong></span> <span class='ocrx_word' id='word_1_186' title='bbox 580 1714 695 1785; x_wconf 88' lang='lat' dir='ltr'><strong><em>primam,</em></strong></span> <span class='ocrx_word' id='word_1_187' title='bbox 713 1713 788 1768; x_wconf 89' lang='lat' dir='ltr'><strong><em>Paris</em></strong></span> <span class='ocrx_word' id='word_1_188' title='bbox 809 1713 987 1779; x_wconf 75' lang='lat' dir='ltr'><strong><em>rsus-1833,</em></strong></span> <span class='ocrx_word' id='word_1_189' title='bbox 1004 1715 1051 1767; x_wconf 89' lang='lat' dir='ltr'><strong><em>sed</em></strong></span> <span class='ocrx_word' id='word_1_190' title='bbox 1068 1714 1176 1782; x_wconf 82' lang='lat' dir='ltr'><strong><em>seorsim</em></strong></span> <span class='ocrx_word' id='word_1_191' title='bbox 1193 1718 1291 1768; x_wconf 82' lang='lat' dir='ltr'><strong><em>extant</em></strong></span> <span class='ocrx_word' id='word_1_192' title='bbox 1375 1771 1377 1786; x_wconf 86' lang='lat'><strong><em>.</em></strong></span> 
     </span>
    </p>
   </div>
   <div class='ocr_carea' id='block_1_11' title="bbox 121 1783 1378 1934">
    <p class='ocr_par' dir='ltr' id='par_1_11' title="bbox 121 1783 1378 1934">
     <span class='ocr_line' id='line_1_20' title="bbox 121 1783 1378 1934; baseline -0.001 -22"><span class='ocrx_word' id='word_1_193' title='bbox 121 1783 489 1914; x_wconf 40' lang='lat' dir='ltr'><strong><em>Melilissililiiinnus</em></strong></span> <span class='ocrx_word' id='word_1_194' title='bbox 511 1874 643 1934; x_wconf 82' lang='lat' dir='ltr'><strong><em>papyrus,</em></strong></span> <span class='ocrx_word' id='word_1_195' title='bbox 669 1855 696 1918; x_wconf 89' lang='lat' dir='ltr'><strong><em>h.</em></strong></span> <span class='ocrx_word' id='word_1_196' title='bbox 717 1875 740 1914; x_wconf 89' lang='lat' dir='ltr'><strong><em>e.</em></strong></span> <span class='ocrx_word' id='word_1_197' title='bbox 762 1855 974 1913; x_wconf 87' lang='lat' dir='ltr'><strong><em>commentarius</em></strong></span> <span class='ocrx_word' id='word_1_198' title='bbox 984 1855 1010 1911; x_wconf 89' lang='lat' dir='ltr'><strong><em>iu</em></strong></span> <span class='ocrx_word' id='word_1_199' title='bbox 1022 1853 1075 1911; x_wconf 85' lang='lat' dir='ltr'><strong><em>tria</em></strong></span> <span class='ocrx_word' id='word_1_200' title='bbox 1086 1855 1118 1916; x_wconf 84' lang='lat' dir='ltr'><strong><em>C.</em></strong></span> <span class='ocrx_word' id='word_1_201' title='bbox 1130 1853 1210 1913; x_wconf 87' lang='lat' dir='ltr'><strong><em>Plinii</em></strong></span> <span class='ocrx_word' id='word_1_202' title='bbox 1225 1873 1290 1912; x_wconf 89' lang='lat' dir='ltr'><strong><em>ma·</em></strong></span> <span class='ocrx_word' id='word_1_203' title='bbox 1376 1826 1378 1896; x_wconf 61' lang='grc'><strong>1</strong></span> 
     </span>
    </p>
   </div>
   <div class='ocr_carea' id='block_1_12' title="bbox 160 1933 1378 2019">
    <p class='ocr_par' dir='ltr' id='par_1_12' title="bbox 160 1933 1378 2019">
     <span class='ocr_line' id='line_1_21' title="bbox 160 1933 1378 2019; baseline 0.001 -23"><span class='ocrx_word' id='word_1_204' title='bbox 160 1940 230 2016; x_wconf 82' lang='lat' dir='ltr'><strong><em>jocis</em></strong></span> <span class='ocrx_word' id='word_1_205' title='bbox 261 1941 297 1996; x_wconf 87' lang='lat' dir='ltr'><strong><em>de</em></strong></span> <span class='ocrx_word' id='word_1_206' title='bbox 323 1939 434 2017; x_wconf 89' lang='lat' dir='ltr'><strong><em>Papyro</em></strong></span> <span class='ocrx_word' id='word_1_207' title='bbox 457 1943 557 2019; x_wconf 85' lang='lat' dir='ltr'><strong><em>capita.</em></strong></span> <span class='ocrx_word' id='word_1_208' title='bbox 604 1941 701 2002; x_wconf 76' lang='lat' dir='ltr'><strong><em>venet.</em></strong></span> <span class='ocrx_word' id='word_1_209' title='bbox 728 1935 819 2000; x_wconf 81' lang='grc'><strong>1572.</strong></span> <span class='ocrx_word' id='word_1_210' title='bbox 841 1935 882 2012; x_wconf 89' lang='grc'><strong><em>4.,</em></strong></span> <span class='ocrx_word' id='word_1_211' title='bbox 908 1937 1048 1998; x_wconf 89' lang='lat' dir='ltr'><strong><em>Lausaun.</em></strong></span> <span class='ocrx_word' id='word_1_212' title='bbox 1075 1933 1165 2002; x_wconf 82' lang='lat'><strong><em>1576.</em></strong></span> <span class='ocrx_word' id='word_1_213' title='bbox 1187 1935 1216 1998; x_wconf 90' lang='lat'><strong><em>4.</em></strong></span> <span class='ocrx_word' id='word_1_214' title='bbox 1241 1958 1291 1997; x_wconf 88' lang='lat' dir='ltr'><strong><em>re·</em></strong></span> <span class='ocrx_word' id='word_1_215' title='bbox 1377 1949 1378 1952; x_wconf 75' lang='grc'>’</span> 
     </span>
    </p>
   </div>
   <div class='ocr_carea' id='block_1_13' title="bbox 165 2019 1378 2101">
    <p class='ocr_par' dir='ltr' id='par_1_13' title="bbox 165 2019 1378 2101">
     <span class='ocr_line' id='line_1_22' title="bbox 165 2019 1378 2101; baseline 0.009 -20"><span class='ocrx_word' id='word_1_216' title='bbox 165 2042 240 2083; x_wconf 88' lang='lat' dir='ltr'><strong><em>cens.</em></strong></span> <span class='ocrx_word' id='word_1_217' title='bbox 262 2025 349 2086; x_wconf 87' lang='lat' dir='ltr'><strong><em>Henr.</em></strong></span> <span class='ocrx_word' id='word_1_218' title='bbox 372 2027 510 2093; x_wconf 87' lang='lat' dir='ltr'><strong><em>Salmuth,</em></strong></span> <span class='ocrx_word' id='word_1_219' title='bbox 535 2024 666 2100; x_wconf 80' lang='lat' dir='ltr'><strong><em>Amberg.</em></strong></span> <span class='ocrx_word' id='word_1_220' title='bbox 690 2020 783 2085; x_wconf 89' lang='grc'><strong>1613.</strong></span> <span class='ocrx_word' id='word_1_221' title='bbox 808 2019 838 2084; x_wconf 94' lang='grc'><strong><em>8.</em></strong></span> <span class='ocrx_word' id='word_1_222' title='bbox 882 2035 940 2099; x_wconf 82' lang='lat' dir='ltr'><strong><em>(Ad</em></strong></span> <span class='ocrx_word' id='word_1_223' title='bbox 965 2035 1030 2092; x_wconf 88' lang='lat' dir='ltr'><strong><em>Plio.</em></strong></span> <span class='ocrx_word' id='word_1_224' title='bbox 1055 2035 1130 2101; x_wconf 86' lang='grc' dir='ltr'><strong>ΧΙΙΙ,</strong></span> <span class='ocrx_word' id='word_1_225' title='bbox 1156 2036 1290 2092; x_wconf 87' lang='grc'><strong>11-13.</strong></span> <span class='ocrx_word' id='word_1_226' title='bbox 1376 2035 1378 2070; x_wconf 60' lang='lat' dir='ltr'><strong><em>i</em></strong></span> 
     </span>
    </p>
   </div>
   <div class='ocr_carea' id='block_1_14' title="bbox 166 2103 1379 2245">
    <p class='ocr_par' dir='ltr' id='par_1_14' title="bbox 166 2103 1379 2245">
     <span class='ocr_line' id='line_1_23' title="bbox 166 2103 1379 2174; baseline 0.002 -18"><span class='ocrx_word' id='word_1_227' title='bbox 166 2103 278 2160; x_wconf 64' lang='lat' dir='ltr'><strong><em>clatos.</em></strong></span> <span class='ocrx_word' id='word_1_228' title='bbox 294 2105 362 2160; x_wconf 85' lang='lat' dir='ltr'><strong><em>Just.</em></strong></span> <span class='ocrx_word' id='word_1_229' title='bbox 382 2107 544 2174; x_wconf 80' lang='lat' dir='ltr'><strong><em>Scaliger</em></strong></span> <span class='ocrx_word' id='word_1_230' title='bbox 562 2123 668 2174; x_wconf 89' lang='lat' dir='ltr'><strong><em>opuscc.</em></strong></span> <span class='ocrx_word' id='word_1_231' title='bbox 688 2107 770 2159; x_wconf 85' lang='lat' dir='ltr'><strong><em>Paris.</em></strong></span> <span class='ocrx_word' id='word_1_232' title='bbox 791 2103 866 2160; x_wconf 86' lang='lat'><strong><em>1610.</em></strong></span> <span class='ocrx_word' id='word_1_233' title='bbox 884 2104 910 2157; x_wconf 88' lang='lat'><strong><em>8.</em></strong></span> <span class='ocrx_word' id='word_1_234' title='bbox 931 2113 958 2157; x_wconf 85' lang='lat' dir='ltr'><strong><em>et</em></strong></span> <span class='ocrx_word' id='word_1_235' title='bbox 976 2105 1105 2158; x_wconf 87' lang='lat' dir='ltr'><strong><em>Heller</em></strong></span> <span class='ocrx_word' id='word_1_236' title='bbox 1125 2104 1289 2162; x_wconf 84' lang='lat' dir='ltr'><strong><em>biblbuten.</em></strong></span> <span class='ocrx_word' id='word_1_237' title='bbox 1377 2120 1379 2170; x_wconf 63' lang='lat' dir='ltr'><strong>j</strong></span> 
     </span>
     <span class='ocr_line' id='line_1_24' title="bbox 166 2172 1379 2245; baseline -0.002 -20"><span class='ocrx_word' id='word_1_238' title='bbox 166 2172 265 2228; x_wconf 76' lang='grc'><strong>1321.</strong></span> <span class='ocrx_word' id='word_1_239' title='bbox 302 2175 370 2227; x_wconf 86' lang='lat' dir='ltr'><strong><em>Geo.</em></strong></span> <span class='ocrx_word' id='word_1_240' title='bbox 390 2176 470 2245; x_wconf 83' lang='lat' dir='ltr'><strong><em>Casp.</em></strong></span> <span class='ocrx_word' id='word_1_241' title='bbox 489 2175 710 2242; x_wconf 88' lang='lat' dir='ltr'><strong><em>Kirchmayer</em></strong></span> <span class='ocrx_word' id='word_1_242' title='bbox 729 2175 760 2226; x_wconf 84' lang='lat' dir='ltr'><strong><em>dc</em></strong></span> <span class='ocrx_word' id='word_1_243' title='bbox 776 2191 880 2241; x_wconf 78' lang='lat' dir='ltr'><strong><em>papyro</em></strong></span> <span class='ocrx_word' id='word_1_244' title='bbox 896 2181 1021 2231; x_wconf 84' lang='lat' dir='ltr'><strong><em>ueterum.</em></strong></span> <span class='ocrx_word' id='word_1_245' title='bbox 1054 2175 1139 2228; x_wconf 80' lang='lat' dir='ltr'><strong><em>Vitcb.</em></strong></span> <span class='ocrx_word' id='word_1_246' title='bbox 1160 2173 1236 2229; x_wconf 86' lang='grc'><strong>1666.</strong></span> <span class='ocrx_word' id='word_1_247' title='bbox 1250 2177 1290 2240; x_wconf 88' lang='grc'><strong><em>4.)</em></strong></span> <span class='ocrx_word' id='word_1_248' title='bbox 1377 2175 1379 2222; x_wconf 81' lang='lat' dir='ltr'><strong><em>l</em></strong></span> 
     </span>
    </p>
   </div>
   <div class='ocr_carea' id='block_1_15' title="bbox 123 2243 1380 2491">
    <p class='ocr_par' dir='ltr' id='par_1_15' title="bbox 123 2243 1380 2491">
     <span class='ocr_line' id='line_1_25' title="bbox 123 2243 1291 2325; baseline 0.002 -21"><span class='ocrx_word' id='word_1_249' title='bbox 123 2243 185 2305; x_wconf 82' lang='lat' dir='ltr'><strong><em>Nic.</em></strong></span> <span class='ocrx_word' id='word_1_250' title='bbox 210 2245 384 2305; x_wconf 87' lang='lat' dir='ltr'><strong><em>Maronea</em></strong></span> <span class='ocrx_word' id='word_1_251' title='bbox 409 2247 574 2325; x_wconf 87' lang='lat' dir='ltr'><strong><em>(Marogna)</em></strong></span> <span class='ocrx_word' id='word_1_252' title='bbox 600 2247 813 2304; x_wconf 85' lang='lat' dir='ltr'><strong><em>commentarius</em></strong></span> <span class='ocrx_word' id='word_1_253' title='bbox 843 2247 872 2304; x_wconf 90' lang='lat' dir='ltr'><strong><em>iu</em></strong></span> <span class='ocrx_word' id='word_1_254' title='bbox 898 2245 1017 2304; x_wconf 85' lang='lat' dir='ltr'><strong><em>Plinium</em></strong></span> <span class='ocrx_word' id='word_1_255' title='bbox 1042 2253 1072 2306; x_wconf 88' lang='lat' dir='ltr'><strong><em>et</em></strong></span> <span class='ocrx_word' id='word_1_256' title='bbox 1092 2246 1291 2308; x_wconf 86' lang='lat' dir='ltr'><strong><em>Dioscoridem</em></strong></span> 
     </span>
     <span class='ocr_line' id='line_1_26' title="bbox 165 2328 1379 2408; baseline 0.016 -20"><span class='ocrx_word' id='word_1_257' title='bbox 165 2333 201 2388; x_wconf 80' lang='lat' dir='ltr'><strong><em>cle</em></strong></span> <span class='ocrx_word' id='word_1_258' title='bbox 225 2349 346 2392; x_wconf 90' lang='lat' dir='ltr'><strong><em>amomo.</em></strong></span> <span class='ocrx_word' id='word_1_259' title='bbox 389 2333 473 2390; x_wconf 89' lang='lat' dir='ltr'><strong><em>Basil.</em></strong></span> <span class='ocrx_word' id='word_1_260' title='bbox 500 2328 589 2392; x_wconf 87' lang='grc'><strong>1608.</strong></span> <span class='ocrx_word' id='word_1_261' title='bbox 613 2330 642 2393; x_wconf 92' lang='grc'><strong><em>4.</em></strong></span> <span class='ocrx_word' id='word_1_262' title='bbox 1377 2377 1379 2408; x_wconf 77' lang='grc'><strong>1</strong></span> 
     </span>
     <span class='ocr_line' id='line_1_27' title="bbox 123 2414 1380 2491; baseline -0.001 -18"><span class='ocrx_word' id='word_1_263' title='bbox 123 2414 228 2474; x_wconf 83' lang='lat' dir='ltr'><strong><em>Abrab.</em></strong></span> <span class='ocrx_word' id='word_1_264' title='bbox 254 2415 419 2491; x_wconf 89' lang='lat' dir='ltr'><strong><em>Munting</em></strong></span> <span class='ocrx_word' id='word_1_265' title='bbox 452 2419 519 2480; x_wconf 87' lang='lat' dir='ltr'><strong><em>diss.</em></strong></span> <span class='ocrx_word' id='word_1_266' title='bbox 547 2415 822 2474; x_wconf 85' lang='lat' dir='ltr'><strong><em>historico-medica</em></strong></span> <span class='ocrx_word' id='word_1_267' title='bbox 846 2415 883 2473; x_wconf 91' lang='lat' dir='ltr'><strong><em>de</em></strong></span> <span class='ocrx_word' id='word_1_268' title='bbox 913 2434 980 2474; x_wconf 89' lang='lat' dir='ltr'><strong><em>vera</em></strong></span> <span class='ocrx_word' id='word_1_269' title='bbox 1011 2416 1097 2476; x_wconf 90' lang='lat' dir='ltr'><strong><em>herba</em></strong></span> <span class='ocrx_word' id='word_1_270' title='bbox 1124 2417 1291 2482; x_wconf 86' lang='lat' dir='ltr'><strong><em>britannica.</em></strong></span> <span class='ocrx_word' id='word_1_271' title='bbox 1378 2415 1380 2472; x_wconf 70' lang='grc' dir='ltr'>ἶ</span> 
     </span>
    </p>
   </div>
   <div class='ocr_carea' id='block_1_16' title="bbox 166 2496 1380 2578">
    <p class='ocr_par' dir='ltr' id='par_1_16' title="bbox 166 2496 1380 2578">
     <span class='ocr_line' id='line_1_28' title="bbox 166 2496 1380 2578; baseline 0.004 -21"><span class='ocrx_word' id='word_1_272' title='bbox 166 2498 309 2575; x_wconf 84' lang='lat' dir='ltr'><strong><em>Adjuncta</em></strong></span> <span class='ocrx_word' id='word_1_273' title='bbox 330 2507 373 2558; x_wconf 90' lang='lat' dir='ltr'><strong><em>est</em></strong></span> <span class='ocrx_word' id='word_1_274' title='bbox 394 2500 556 2560; x_wconf 85' lang='lat' dir='ltr'><strong><em>Aloidacum</em></strong></span> <span class='ocrx_word' id='word_1_275' title='bbox 579 2502 704 2562; x_wconf 86' lang='lat' dir='ltr'><strong><em>historia.</em></strong></span> <span class='ocrx_word' id='word_1_276' title='bbox 747 2499 904 2560; x_wconf 87' lang='lat' dir='ltr'><strong><em>Amstelod.</em></strong></span> <span class='ocrx_word' id='word_1_277' title='bbox 928 2496 1020 2559; x_wconf 84' lang='lat'><strong><em>1681.</em></strong></span> <span class='ocrx_word' id='word_1_278' title='bbox 1044 2497 1090 2574; x_wconf 90' lang='lat'><strong><em>4.,</em></strong></span> <span class='ocrx_word' id='word_1_279' title='bbox 1126 2503 1164 2567; x_wconf 92' lang='lat' dir='ltr'><strong><em>ib.</em></strong></span> <span class='ocrx_word' id='word_1_280' title='bbox 1196 2499 1292 2566; x_wconf 86' lang='grc'><strong>1698.</strong></span> <span class='ocrx_word' id='word_1_281' title='bbox 1379 2513 1380 2578; x_wconf 68' lang='lat'>3</span> 
     </span>
    </p>
   </div>
   <div class='ocr_carea' id='block_1_17' title="bbox 166 2581 1293 2663">
    <p class='ocr_par' dir='ltr' id='par_1_17' title="bbox 166 2581 1293 2663">
     <span class='ocr_line' id='line_1_29' title="bbox 166 2581 1293 2663; baseline 0.003 -21"><span class='ocrx_word' id='word_1_282' title='bbox 166 2581 197 2644; x_wconf 94' lang='lat'><strong><em>4.</em></strong></span> <span class='ocrx_word' id='word_1_283' title='bbox 244 2583 308 2643; x_wconf 79' lang='lat' dir='ltr'><strong><em>Ceam</em></strong></span> <span class='ocrx_word' id='word_1_284' title='bbox 335 2586 425 2643; x_wconf 75' lang='lat' dir='ltr'><strong><em>metitis</em></strong></span> <span class='ocrx_word' id='word_1_285' title='bbox 438 2587 513 2663; x_wconf 79' lang='lat' dir='ltr'><strong><em>figg·</em></strong></span> <span class='ocrx_word' id='word_1_286' title='bbox 539 2605 597 2643; x_wconf 82' lang='lat' dir='ltr'><strong><em>neoc.</em></strong></span> <span class='ocrx_word' id='word_1_287' title='bbox 642 2590 781 2657; x_wconf 87' lang='lat' dir='ltr'><strong><em>(Herbam</em></strong></span> <span class='ocrx_word' id='word_1_288' title='bbox 796 2589 979 2642; x_wconf 85' lang='lat' dir='ltr'><strong><em>Britannicam</em></strong></span> <span class='ocrx_word' id='word_1_289' title='bbox 993 2590 1145 2643; x_wconf 80' lang='lat' dir='ltr'><strong><em>Frisiorum</em></strong></span> <span class='ocrx_word' id='word_1_290' title='bbox 1160 2610 1220 2644; x_wconf 83' lang='lat' dir='ltr'><strong><em>esee</em></strong></span> <span class='ocrx_word' id='word_1_291' title='bbox 1234 2594 1293 2645; x_wconf 87' lang='lat' dir='ltr'><strong><em>La-</em></strong></span> 
     </span>
    </p>
   </div>
   <div class='ocr_carea' id='block_1_18' title="bbox 167 2665 1282 2736">
    <p class='ocr_par' dir='ltr' id='par_1_18' title="bbox 167 2665 1282 2736">
     <span class='ocr_line' id='line_1_30' title="bbox 167 2665 1282 2736; baseline 0.004 -20"><span class='ocrx_word' id='word_1_292' title='bbox 167 2665 273 2734; x_wconf 82' lang='lat' dir='ltr'><strong><em>pathum</em></strong></span> <span class='ocrx_word' id='word_1_293' title='bbox 298 2666 457 2734; x_wconf 88' lang='lat' dir='ltr'><strong><em>longisolium</em></strong></span> <span class='ocrx_word' id='word_1_294' title='bbox 484 2666 584 2734; x_wconf 85' lang='lat' dir='ltr'><strong><em>nigrum</em></strong></span> <span class='ocrx_word' id='word_1_295' title='bbox 601 2666 735 2736; x_wconf 77' lang='lat' dir='ltr'><strong><em>palustre,</em></strong></span> <span class='ocrx_word' id='word_1_296' title='bbox 754 2665 875 2718; x_wconf 88' lang='lat' dir='ltr'><strong><em>rumicem</em></strong></span> <span class='ocrx_word' id='word_1_297' title='bbox 893 2665 1050 2734; x_wconf 87' lang='lat' dir='ltr'><strong><em>aquaticum,</em></strong></span> <span class='ocrx_word' id='word_1_298' title='bbox 1070 2667 1103 2719; x_wconf 86' lang='lat' dir='ltr'><strong><em>ad</em></strong></span> <span class='ocrx_word' id='word_1_299' title='bbox 1123 2668 1187 2724; x_wconf 89' lang='lat' dir='ltr'><strong><em>Plin.</em></strong></span> <span class='ocrx_word' id='word_1_300' title='bbox 1201 2669 1282 2724; x_wconf 85' lang='lat' dir='ltr'><strong><em>XXV</em></strong></span> 
     </span>
    </p>
   </div>
   <div class='ocr_carea' id='block_1_19' title="bbox 147 2710 1372 2870">
    <p class='ocr_par' dir='ltr' id='par_1_19' title="bbox 147 2710 1372 2870">
     <span class='ocr_line' id='line_1_31' title="bbox 170 2710 1372 2870; baseline 0.003 -82"><span class='ocrx_word' id='word_1_301' title='bbox 170 2752 195 2854; x_wconf 53' lang='lat' dir='ltr'><strong><em>p:</em></strong></span> <span class='ocrx_word' id='word_1_302' title='bbox 212 2733 239 2790; x_wconf 89' lang='grc'><strong><em>3.</em></strong></span> <span class='ocrx_word' id='word_1_303' title='bbox 259 2733 329 2857; x_wconf 55' lang='grc' dir='ltr'><strong>11ῗὲ4</strong></span> <span class='ocrx_word' id='word_1_304' title='bbox 342 2737 373 2854; x_wconf 62' lang='lat'><strong><em>§²1</em></strong></span> <span class='ocrx_word' id='word_1_305' title='bbox 381 2735 439 2870; x_wconf 48' lang='grc' dir='ltr'><strong><em>ἕο)</em></strong></span> <span class='ocrx_word' id='word_1_306' title='bbox 458 2737 505 2792; x_wconf 83' lang='lat' dir='ltr'><strong><em>cir.</em></strong></span> <span class='ocrx_word' id='word_1_307' title='bbox 516 2735 600 2788; x_wconf 88' lang='lat' dir='ltr'><strong><em>Henr.</em></strong></span> <span class='ocrx_word' id='word_1_308' title='bbox 617 2737 795 2806; x_wconf 86' lang='lat' dir='ltr'><strong><em>Connegieter</em></strong></span> <span class='ocrx_word' id='word_1_309' title='bbox 809 2735 840 2786; x_wconf 87' lang='lat' dir='ltr'><strong><em>da</em></strong></span> <span class='ocrx_word' id='word_1_310' title='bbox 855 2735 898 2790; x_wconf 83' lang='lat' dir='ltr'><strong><em>bb.</em></strong></span> <span class='ocrx_word' id='word_1_311' title='bbox 915 2736 1025 2788; x_wconf 81' lang='lat' dir='ltr'><strong><em>tritten.</em></strong></span> <span class='ocrx_word' id='word_1_312' title='bbox 1035 2752 1079 2804; x_wconf 83' lang='lat' dir='ltr'><strong><em>op.</em></strong></span> <span class='ocrx_word' id='word_1_313' title='bbox 1092 2737 1201 2808; x_wconf 84' lang='lat' dir='ltr'><strong><em>Procop.</em></strong></span> <span class='ocrx_word' id='word_1_314' title='bbox 1212 2710 1292 2811; x_wconf 55' lang='lat' dir='ltr'><strong><em>Hog:</em></strong></span> <span class='ocrx_word' id='word_1_315' title='bbox 1369 2788 1372 2794; x_wconf 83' lang='lat'><strong><em>.</em></strong></span> 
     </span>
     <span class='ocr_line' id='line_1_32' title="bbox 147 2820 379 2858; baseline 0 0"><span class='ocrx_word' id='word_1_316' title='bbox 147 2849 150 2858; x_wconf 79' lang='grc'><strong><em>.</em></strong></span> <span class='ocrx_word' id='word_1_317' title='bbox 194 2820 242 2858; x_wconf 90' lang='lat' dir='ltr'><strong><em>om.</em></strong></span> <span class='ocrx_word' id='word_1_318' title='bbox 331 2843 337 2858; x_wconf 92' lang='lat'><strong><em>.</em></strong></span> <span class='ocrx_word' id='word_1_319' title='bbox 374 2846 379 2858; x_wconf 89' lang='lat'><strong><em>.</em></strong></span> 
     </span>
    </p>
   </div>
   <div class='ocr_carea' id='block_1_20' title="bbox 124 2869 1380 3024">
    <p class='ocr_par' dir='ltr' id='par_1_20' title="bbox 124 2869 1380 3024">
     <span class='ocr_line' id='line_1_33' title="bbox 124 2869 1380 3024; baseline 0.014 -94"><span class='ocrx_word' id='word_1_320' title='bbox 124 2873 387 3024; x_wconf 61' lang='lat' dir='ltr'><strong><em>AlerpcPlepcaua</em></strong></span> <span class='ocrx_word' id='word_1_321' title='bbox 412 2875 449 2934; x_wconf 87' lang='lat' dir='ltr'><strong><em>de</em></strong></span> <span class='ocrx_word' id='word_1_322' title='bbox 470 2875 596 2936; x_wconf 89' lang='lat' dir='ltr'><strong><em>choudro</em></strong></span> <span class='ocrx_word' id='word_1_323' title='bbox 618 2881 647 2936; x_wconf 88' lang='lat' dir='ltr'><strong><em>et</em></strong></span> <span class='ocrx_word' id='word_1_324' title='bbox 669 2875 737 2933; x_wconf 89' lang='lat' dir='ltr'><strong><em>alica</em></strong></span> <span class='ocrx_word' id='word_1_325' title='bbox 757 2874 776 2936; x_wconf 91' lang='lat' dir='ltr'><strong><em>l.</em></strong></span> <span class='ocrx_word' id='word_1_326' title='bbox 799 2869 829 2938; x_wconf 87' lang='grc'><strong><em>2.</em></strong></span> <span class='ocrx_word' id='word_1_327' title='bbox 852 2874 957 2934; x_wconf 87' lang='lat' dir='ltr'><strong><em>Veron.</em></strong></span> <span class='ocrx_word' id='word_1_328' title='bbox 980 2869 1072 2936; x_wconf 85' lang='grc'><strong>1627.</strong></span> <span class='ocrx_word' id='word_1_329' title='bbox 1097 2871 1128 2938; x_wconf 97' lang='grc'><strong><em>4.</em></strong></span> <span class='ocrx_word' id='word_1_330' title='bbox 1154 2889 1207 2956; x_wconf 84' lang='lat' dir='ltr'><strong><em>(Ad</em></strong></span> <span class='ocrx_word' id='word_1_331' title='bbox 1224 2890 1293 2948; x_wconf 89' lang='lat' dir='ltr'><strong><em>Plin.</em></strong></span> <span class='ocrx_word' id='word_1_332' title='bbox 1379 2887 1380 2894; x_wconf 65' lang='lat'><em>&#39;</em></span> 
     </span>
     <span class='ocr_line' id='line_1_34' title="bbox 168 2974 651 3011; baseline 0.023 -3"><span class='ocrx_word' id='word_1_333' title='bbox 168 2974 183 3008; x_wconf 85' lang='lat' dir='ltr'><strong><em>e</em></strong></span> <span class='ocrx_word' id='word_1_334' title='bbox 237 2974 280 3011; x_wconf 86' lang='lat' dir='ltr'><strong><em>es.</em></strong></span> <span class='ocrx_word' id='word_1_335' title='bbox 650 2975 651 2980; x_wconf 78' lang='grc'>’</span> 
     </span>
    </p>
   </div>
   <div class='ocr_carea' id='block_1_21' title="bbox 126 3023 1294 3106">
    <p class='ocr_par' dir='ltr' id='par_1_21' title="bbox 126 2981 1296 3106">
     <span class='ocr_line' id='line_1_35' title="bbox 126 3023 1294 3106; baseline 0.006 -23"><span class='ocrx_word' id='word_1_336' title='bbox 126 3027 171 3085; x_wconf 87' lang='lat' dir='ltr'><strong><em>Jo.</em></strong></span> <span class='ocrx_word' id='word_1_337' title='bbox 184 3029 274 3090; x_wconf 85' lang='lat' dir='ltr'><strong><em>Hadc.</em></strong></span> <span class='ocrx_word' id='word_1_338' title='bbox 291 3028 445 3104; x_wconf 86' lang='lat' dir='ltr'><strong><em>Slevogt</em></strong></span> <span class='ocrx_word' id='word_1_339' title='bbox 459 3031 496 3088; x_wconf 89' lang='lat' dir='ltr'><strong><em>de</em></strong></span> <span class='ocrx_word' id='word_1_340' title='bbox 507 3029 636 3106; x_wconf 87' lang='lat' dir='ltr'><strong><em>aegilope</em></strong></span> <span class='ocrx_word' id='word_1_341' title='bbox 646 3029 741 3089; x_wconf 89' lang='lat' dir='ltr'><strong><em>herba.</em></strong></span> <span class='ocrx_word' id='word_1_342' title='bbox 763 3030 824 3090; x_wconf 88' lang='lat' dir='ltr'><strong><em>Jeu.</em></strong></span> <span class='ocrx_word' id='word_1_343' title='bbox 838 3023 930 3090; x_wconf 84' lang='lat'><strong><em>1695.</em></strong></span> <span class='ocrx_word' id='word_1_344' title='bbox 941 3023 971 3087; x_wconf 90' lang='lat'><strong><em>4.</em></strong></span> <span class='ocrx_word' id='word_1_345' title='bbox 994 3031 1060 3100; x_wconf 82' lang='lat' dir='ltr'><strong><em>(Ad.</em></strong></span> <span class='ocrx_word' id='word_1_346' title='bbox 1072 3032 1143 3086; x_wconf 91' lang='lat' dir='ltr'><strong><em>Plin.</em></strong></span> <span class='ocrx_word' id='word_1_347' title='bbox 1154 3034 1206 3088; x_wconf 94' lang='lat' dir='ltr'><strong><em>loc.</em></strong></span> <span class='ocrx_word' id='word_1_348' title='bbox 1218 3036 1294 3104; x_wconf 80' lang='lat' dir='ltr'><strong><em>rar.)</em></strong></span> 
     </span>
    </p>
   </div>
   <div class='ocr_carea' id='block_1_22' title="bbox 129 3107 1295 3190">
    <p class='ocr_par' dir='ltr' id='par_1_22' title="bbox 129 3107 1295 3190">
     <span class='ocr_line' id='line_1_36' title="bbox 129 3107 1295 3190; baseline 0.005 -21"><span class='ocrx_word' id='word_1_349' title='bbox 129 3113 201 3176; x_wconf 88' lang='lat' dir='ltr'><strong><em>Geo.</em></strong></span> <span class='ocrx_word' id='word_1_350' title='bbox 227 3113 356 3171; x_wconf 83' lang='lat' dir='ltr'><strong><em>Cuvier</em></strong></span> <span class='ocrx_word' id='word_1_351' title='bbox 381 3115 511 3190; x_wconf 88' lang='lat' dir='ltr'><strong><em>zoologie</em></strong></span> <span class='ocrx_word' id='word_1_352' title='bbox 526 3115 562 3170; x_wconf 92' lang='lat' dir='ltr'><strong><em>de</em></strong></span> <span class='ocrx_word' id='word_1_353' title='bbox 582 3115 668 3171; x_wconf 90' lang='lat' dir='ltr'><strong><em>Pline.</em></strong></span> <span class='ocrx_word' id='word_1_354' title='bbox 691 3113 769 3170; x_wconf 87' lang='lat' dir='ltr'><strong><em>Paris</em></strong></span> <span class='ocrx_word' id='word_1_355' title='bbox 784 3107 876 3172; x_wconf 83' lang='grc'><strong>1832.</strong></span> <span class='ocrx_word' id='word_1_356' title='bbox 899 3109 928 3174; x_wconf 91' lang='grc'><strong><em>8.</em></strong></span> <span class='ocrx_word' id='word_1_357' title='bbox 958 3113 1029 3171; x_wconf 90' lang='lat' dir='ltr'><strong><em>Voll.</em></strong></span> <span class='ocrx_word' id='word_1_358' title='bbox 1045 3113 1082 3176; x_wconf 87' lang='lat' dir='ltr'><strong><em>ll.</em></strong></span> <span class='ocrx_word' id='word_1_359' title='bbox 1108 3119 1179 3187; x_wconf 80' lang='lat' dir='ltr'><strong><em>(cfr.</em></strong></span> <span class='ocrx_word' id='word_1_360' title='bbox 1194 3121 1295 3177; x_wconf 88' lang='lat' dir='ltr'><strong><em>Heinr.</em></strong></span> 
     </span>
    </p>
   </div>
   <div class='ocr_carea' id='block_1_23' title="bbox 171 3193 1297 3270">
    <p class='ocr_par' dir='ltr' id='par_1_23' title="bbox 171 3193 1297 3270">
     <span class='ocr_line' id='line_1_37' title="bbox 171 3193 1297 3270; baseline 0.003 -23"><span class='ocrx_word' id='word_1_361' title='bbox 171 3193 243 3247; x_wconf 77' lang='lat' dir='ltr'><strong><em>Frid.</em></strong></span> <span class='ocrx_word' id='word_1_362' title='bbox 260 3193 344 3246; x_wconf 80' lang='lat' dir='ltr'><strong><em>Linlr</em></strong></span> <span class='ocrx_word' id='word_1_363' title='bbox 362 3197 427 3248; x_wconf 79' lang='lat' dir='ltr'><strong><em>siber</em></strong></span> <span class='ocrx_word' id='word_1_364' title='bbox 445 3197 489 3247; x_wconf 87' lang='lat' dir='ltr'><strong><em>die</em></strong></span> <span class='ocrx_word' id='word_1_365' title='bbox 515 3195 755 3265; x_wconf 80' lang='lat' dir='ltr'><strong><em>Naturgesolcielste</em></strong></span> <span class='ocrx_word' id='word_1_366' title='bbox 778 3195 825 3245; x_wconf 87' lang='lat' dir='ltr'><strong><em>der</em></strong></span> <span class='ocrx_word' id='word_1_367' title='bbox 847 3197 928 3246; x_wconf 84' lang='lat' dir='ltr'><strong><em>Alten</em></strong></span> <span class='ocrx_word' id='word_1_368' title='bbox 949 3195 1100 3263; x_wconf 82' lang='lat' dir='ltr'><strong><em>riberboupt</em></strong></span> <span class='ocrx_word' id='word_1_369' title='bbox 1117 3198 1173 3248; x_wconf 87' lang='lat' dir='ltr'><strong><em>und</em></strong></span> <span class='ocrx_word' id='word_1_370' title='bbox 1190 3199 1297 3270; x_wconf 81' lang='lat' dir='ltr'><strong><em>einiger</em></strong></span> 
     </span>
    </p>
   </div>
   <div class='ocr_carea' id='block_1_24' title="bbox 171 3262 1296 3401">
    <p class='ocr_par' dir='ltr' id='par_1_24' title="bbox 171 3262 1296 3401">
     <span class='ocr_line' id='line_1_38' title="bbox 171 3262 1296 3336; baseline 0.004 -22"><span class='ocrx_word' id='word_1_371' title='bbox 171 3264 369 3332; x_wconf 76' lang='lat' dir='ltr'><strong><em>nureifellcosten</em></strong></span> <span class='ocrx_word' id='word_1_372' title='bbox 397 3265 492 3316; x_wconf 77' lang='lat' dir='ltr'><strong><em>&#39;Pbiere</em></strong></span> <span class='ocrx_word' id='word_1_373' title='bbox 510 3264 551 3315; x_wconf 86' lang='lat' dir='ltr'><strong><em>bei</em></strong></span> <span class='ocrx_word' id='word_1_374' title='bbox 571 3264 641 3319; x_wconf 88' lang='lat' dir='ltr'><strong><em>Ptin.</em></strong></span> <span class='ocrx_word' id='word_1_375' title='bbox 664 3263 845 3314; x_wconf 83' lang='lat' dir='ltr'><strong><em>insbeeondere</em></strong></span> <span class='ocrx_word' id='word_1_376' title='bbox 867 3262 895 3314; x_wconf 90' lang='lat' dir='ltr'><strong><em>in</em></strong></span> <span class='ocrx_word' id='word_1_377' title='bbox 920 3263 953 3315; x_wconf 79' lang='lat' dir='ltr'><strong><em>P.</em></strong></span> <span class='ocrx_word' id='word_1_378' title='bbox 971 3263 1053 3320; x_wconf 84' lang='grc' dir='ltr'><strong>Α.·Α.</strong></span> <span class='ocrx_word' id='word_1_379' title='bbox 1072 3263 1167 3334; x_wconf 81' lang='lat' dir='ltr'><strong><em>Meyer</em></strong></span> <span class='ocrx_word' id='word_1_380' title='bbox 1187 3265 1296 3336; x_wconf 80' lang='lat' dir='ltr'><strong><em>Magna.</em></strong></span> 
     </span>
     <span class='ocr_line' id='line_1_39' title="bbox 172 3330 763 3401; baseline 0.002 -17"><span class='ocrx_word' id='word_1_381' title='bbox 172 3334 191 3386; x_wconf 90' lang='lat' dir='ltr'><strong><em>l.</em></strong></span> <span class='ocrx_word' id='word_1_382' title='bbox 211 3333 445 3401; x_wconf 86' lang='lat' dir='ltr'><strong><em>Tbiergeschicbte</em></strong></span> <span class='ocrx_word' id='word_1_383' title='bbox 462 3333 512 3386; x_wconf 88' lang='lat' dir='ltr'><strong><em>Bd.</em></strong></span> <span class='ocrx_word' id='word_1_384' title='bbox 530 3333 552 3387; x_wconf 92' lang='lat'><strong><em>1.</em></strong></span> <span class='ocrx_word' id='word_1_385' title='bbox 572 3334 613 3386; x_wconf 88' lang='lat' dir='ltr'><strong><em>St.</em></strong></span> <span class='ocrx_word' id='word_1_386' title='bbox 633 3333 656 3389; x_wconf 92' lang='lat' dir='ltr'><strong><em>l.</em></strong></span> <span class='ocrx_word' id='word_1_387' title='bbox 674 3330 763 3396; x_wconf 85' lang='grc'><strong>1790.)</strong></span> 
     </span>
    </p>
   </div>
   <div class='ocr_carea' id='block_1_25' title="bbox 129 3417 1298 3504">
    <p class='ocr_par' dir='ltr' id='par_1_25' title="bbox 129 3417 1298 3504">
     <span class='ocr_line' id='line_1_40' title="bbox 129 3417 1298 3504; baseline 0.008 -26"><span class='ocrx_word' id='word_1_388' title='bbox 129 3421 175 3483; x_wconf 88' lang='lat' dir='ltr'><strong><em>Jo.</em></strong></span> <span class='ocrx_word' id='word_1_389' title='bbox 198 3421 263 3486; x_wconf 91' lang='lat' dir='ltr'><strong><em>Glo.</em></strong></span> <span class='ocrx_word' id='word_1_390' title='bbox 296 3423 498 3480; x_wconf 86' lang='lat' dir='ltr'><strong><em>Schneider</em></strong></span> <span class='ocrx_word' id='word_1_391' title='bbox 530 3441 626 3500; x_wconf 89' lang='lat' dir='ltr'><strong><em>progr.</em></strong></span> <span class='ocrx_word' id='word_1_392' title='bbox 659 3424 696 3480; x_wconf 93' lang='lat' dir='ltr'><strong><em>de</em></strong></span> <span class='ocrx_word' id='word_1_393' title='bbox 727 3419 836 3478; x_wconf 89' lang='lat' dir='ltr'><strong><em>achlide</em></strong></span> <span class='ocrx_word' id='word_1_394' title='bbox 867 3417 948 3476; x_wconf 91' lang='lat' dir='ltr'><strong><em>Plinii</em></strong></span> <span class='ocrx_word' id='word_1_395' title='bbox 973 3424 1002 3476; x_wconf 90' lang='lat' dir='ltr'><strong><em>et</em></strong></span> <span class='ocrx_word' id='word_1_396' title='bbox 1026 3424 1105 3504; x_wconf 78' lang='lat' dir='ltr'><strong><em>ooip</em></strong></span> <span class='ocrx_word' id='word_1_397' title='bbox 1137 3424 1298 3487; x_wconf 86' lang='lat' dir='ltr'><strong><em>Strabonis.</em></strong></span> 
     </span>
    </p>
   </div>
   <div class='ocr_carea' id='block_1_26' title="bbox 172 3500 1380 3653">
    <p class='ocr_par' dir='ltr' id='par_1_26' title="bbox 172 3500 1380 3653">
     <span class='ocr_line' id='line_1_41' title="bbox 172 3500 1380 3653; baseline 0.004 -90"><span class='ocrx_word' id='word_1_398' title='bbox 172 3507 307 3640; x_wconf 45' lang='lat' dir='ltr'><strong><em>{saiwi}</em></strong></span> <span class='ocrx_word' id='word_1_399' title='bbox 320 3508 357 3650; x_wconf 59' lang='grc' dir='ltr'><strong><em>εξ</em></strong></span> <span class='ocrx_word' id='word_1_400' title='bbox 369 3507 480 3653; x_wconf 53' lang='grc' dir='ltr'><strong>ὃὲἰῗᾱτ.</strong></span> <span class='ocrx_word' id='word_1_401' title='bbox 507 3504 654 3590; x_wconf 87' lang='lat' dir='ltr'><strong><em>(Breslau)</em></strong></span> <span class='ocrx_word' id='word_1_402' title='bbox 677 3500 771 3566; x_wconf 88' lang='grc'><strong>1781.</strong></span> <span class='ocrx_word' id='word_1_403' title='bbox 792 3501 822 3562; x_wconf 88' lang='grc'><strong><em>4.</em></strong></span> <span class='ocrx_word' id='word_1_404' title='bbox 867 3507 1012 3575; x_wconf 86' lang='lat' dir='ltr'><strong><em>(Pertinet</em></strong></span> <span class='ocrx_word' id='word_1_405' title='bbox 1032 3511 1067 3563; x_wconf 87' lang='lat' dir='ltr'><strong><em>ad</em></strong></span> <span class='ocrx_word' id='word_1_406' title='bbox 1087 3511 1157 3567; x_wconf 89' lang='lat' dir='ltr'><strong><em>Plin.</em></strong></span> <span class='ocrx_word' id='word_1_407' title='bbox 1169 3514 1256 3570; x_wconf 57' lang='lat' dir='ltr'><strong><em>evm.</em></strong></span> <span class='ocrx_word' id='word_1_408' title='bbox 1272 3533 1296 3568; x_wconf 86' lang='lat' dir='ltr'><strong><em>e.</em></strong></span> <span class='ocrx_word' id='word_1_409' title='bbox 1379 3591 1380 3596; x_wconf 7' lang='grc' dir='ltr'>ἵ</span> 
     </span>
     <span class='ocr_line' id='line_1_42' title="bbox 209 3605 412 3641; baseline 0 0"><span class='ocrx_word' id='word_1_410' title='bbox 209 3605 253 3641; x_wconf 85' lang='lat' dir='ltr'><strong><em>.s.</em></strong></span> <span class='ocrx_word' id='word_1_411' title='bbox 308 3629 314 3641; x_wconf 91' lang='lat'><strong><em>.</em></strong></span> <span class='ocrx_word' id='word_1_412' title='bbox 354 3627 360 3641; x_wconf 89' lang='lat'><strong><em>.</em></strong></span> <span class='ocrx_word' id='word_1_413' title='bbox 406 3627 412 3641; x_wconf 92' lang='lat'><strong><em>.</em></strong></span> 
     </span>
    </p>
   </div>
   <div class='ocr_carea' id='block_1_27' title="bbox 130 3655 1297 3989">
    <p class='ocr_par' dir='ltr' id='par_1_27' title="bbox 130 3655 1297 3740">
     <span class='ocr_line' id='line_1_43' title="bbox 130 3655 1297 3740; baseline 0.006 -22"><span class='ocrx_word' id='word_1_414' title='bbox 130 3659 205 3718; x_wconf 88' lang='lat' dir='ltr'><strong><em>Blas.</em></strong></span> <span class='ocrx_word' id='word_1_415' title='bbox 227 3659 280 3716; x_wconf 89' lang='lat' dir='ltr'><strong><em>Me</em></strong></span> <span class='ocrx_word' id='word_1_416' title='bbox 289 3678 379 3716; x_wconf 86' lang='lat' dir='ltr'><strong><em>crem</em></strong></span> <span class='ocrx_word' id='word_1_417' title='bbox 395 3661 432 3716; x_wconf 91' lang='lat' dir='ltr'><strong><em>de</em></strong></span> <span class='ocrx_word' id='word_1_418' title='bbox 442 3659 605 3717; x_wconf 85' lang='lat' dir='ltr'><strong><em>animalibus</em></strong></span> <span class='ocrx_word' id='word_1_419' title='bbox 620 3660 747 3737; x_wconf 85' lang='lat' dir='ltr'><strong><em>scythicis</em></strong></span> <span class='ocrx_word' id='word_1_420' title='bbox 761 3657 837 3735; x_wconf 91' lang='lat' dir='ltr'><strong><em>apud</em></strong></span> <span class='ocrx_word' id='word_1_421' title='bbox 849 3655 974 3716; x_wconf 90' lang='lat' dir='ltr'><strong><em>Plinium.</em></strong></span> <span class='ocrx_word' id='word_1_422' title='bbox 996 3657 1076 3737; x_wconf 91' lang='lat' dir='ltr'><strong><em>Disp.</em></strong></span> <span class='ocrx_word' id='word_1_423' title='bbox 1089 3659 1183 3736; x_wconf 88' lang='lat' dir='ltr'><strong><em>inaug.</em></strong></span> <span class='ocrx_word' id='word_1_424' title='bbox 1195 3661 1297 3740; x_wconf 89' lang='lat' dir='ltr'><strong><em>philos.</em></strong></span> 
     </span>
    </p>

    <p class='ocr_par' dir='ltr' id='par_1_28' title="bbox 134 3737 1296 3989">
     <span class='ocr_line' id='line_1_44' title="bbox 134 3737 1296 3826; baseline 0.003 -24"><span class='ocrx_word' id='word_1_425' title='bbox 134 3759 143 3768; x_wconf 86' lang='lat'>·</span> <span class='ocrx_word' id='word_1_426' title='bbox 174 3744 302 3820; x_wconf 89' lang='lat' dir='ltr'><strong><em>Gotting.</em></strong></span> <span class='ocrx_word' id='word_1_427' title='bbox 329 3737 421 3802; x_wconf 86' lang='grc'><strong>1781.</strong></span> <span class='ocrx_word' id='word_1_428' title='bbox 444 3739 474 3801; x_wconf 89' lang='grc'><strong>4.</strong></span> <span class='ocrx_word' id='word_1_429' title='bbox 507 3775 549 3787; x_wconf 92' lang='lat'><em>-</em></span> <span class='ocrx_word' id='word_1_430' title='bbox 567 3744 667 3802; x_wconf 80' lang='lat' dir='ltr'><strong><em>Redit</em></strong></span> <span class='ocrx_word' id='word_1_431' title='bbox 687 3747 718 3801; x_wconf 84' lang='lat' dir='ltr'><strong><em>in</em></strong></span> <span class='ocrx_word' id='word_1_432' title='bbox 746 3742 846 3800; x_wconf 84' lang='lat' dir='ltr'><strong><em>Ludw.</em></strong></span> <span class='ocrx_word' id='word_1_433' title='bbox 874 3761 985 3818; x_wconf 87' lang='lat' dir='ltr'><strong><em>opuscc.</em></strong></span> <span class='ocrx_word' id='word_1_434' title='bbox 1014 3745 1113 3803; x_wconf 89' lang='lat' dir='ltr'><strong><em>delect.</em></strong></span> <span class='ocrx_word' id='word_1_435' title='bbox 1135 3745 1197 3804; x_wconf 85' lang='lat' dir='ltr'><strong><em>Vol.</em></strong></span> <span class='ocrx_word' id='word_1_436' title='bbox 1223 3747 1246 3804; x_wconf 97' lang='lat' dir='ltr'><strong><em>l.</em></strong></span> <span class='ocrx_word' id='word_1_437' title='bbox 1268 3767 1296 3826; x_wconf 93' lang='lat' dir='ltr'><strong><em>p.</em></strong></span> 
     </span>
     <span class='ocr_line' id='line_1_45' title="bbox 174 3824 1295 3908; baseline 0 -20"><span class='ocrx_word' id='word_1_438' title='bbox 174 3824 216 3888; x_wconf 81' lang='grc'><strong><em>82</em></strong></span> <span class='ocrx_word' id='word_1_439' title='bbox 240 3847 299 3903; x_wconf 86' lang='lat' dir='ltr'><strong><em>sq.;</em></strong></span> <span class='ocrx_word' id='word_1_440' title='bbox 325 3847 446 3903; x_wconf 84' lang='lat' dir='ltr'><strong><em>germen.</em></strong></span> <span class='ocrx_word' id='word_1_441' title='bbox 468 3847 535 3886; x_wconf 83' lang='lat' dir='ltr'><strong><em>uere.</em></strong></span> <span class='ocrx_word' id='word_1_442' title='bbox 551 3834 575 3885; x_wconf 83' lang='lat' dir='ltr'><strong><em>et</em></strong></span> <span class='ocrx_word' id='word_1_443' title='bbox 594 3835 663 3890; x_wconf 85' lang='lat' dir='ltr'><strong><em>anet.</em></strong></span> <span class='ocrx_word' id='word_1_444' title='bbox 686 3831 716 3885; x_wconf 85' lang='lat' dir='ltr'><strong><em>in</em></strong></span> <span class='ocrx_word' id='word_1_445' title='bbox 738 3826 858 3903; x_wconf 87' lang='lat' dir='ltr'><strong><em>Ruperti</em></strong></span> <span class='ocrx_word' id='word_1_446' title='bbox 880 3827 939 3884; x_wconf 91' lang='lat' dir='ltr'><strong><em>und</em></strong></span> <span class='ocrx_word' id='word_1_447' title='bbox 961 3828 1163 3890; x_wconf 88' lang='lat' dir='ltr'><strong><em>Schlichthorst</em></strong></span> <span class='ocrx_word' id='word_1_448' title='bbox 1182 3829 1295 3908; x_wconf 85' lang='lat' dir='ltr'><strong><em>Magaz.</em></strong></span> 
     </span>
     <span class='ocr_line' id='line_1_46' title="bbox 175 3907 1060 3989; baseline 0 -17"><span class='ocrx_word' id='word_1_449' title='bbox 175 3915 196 3972; x_wconf 87' lang='lat' dir='ltr'><strong><em>f.</em></strong></span> <span class='ocrx_word' id='word_1_450' title='bbox 215 3913 371 3989; x_wconf 70' lang='lat' dir='ltr'><strong><em>philologia</em></strong></span> <span class='ocrx_word' id='word_1_451' title='bbox 392 3912 428 3973; x_wconf 84' lang='lat'><strong><em>11:</em></strong></span> <span class='ocrx_word' id='word_1_452' title='bbox 452 3907 543 3974; x_wconf 82' lang='lat'><strong><em>1797.</em></strong></span> <span class='ocrx_word' id='word_1_453' title='bbox 565 3909 624 3972; x_wconf 75' lang='lat' dir='ltr'><strong><em>Arc</em></strong></span> <span class='ocrx_word' id='word_1_454' title='bbox 648 3908 698 3971; x_wconf 91' lang='grc'><strong><em>11.</em></strong></span> <span class='ocrx_word' id='word_1_455' title='bbox 743 3915 988 3983; x_wconf 57' lang='grc'><strong>(1111111111.</strong></span> <span class='ocrx_word' id='word_1_456' title='bbox 1005 3921 1060 3985; x_wconf 78' lang='lat'><strong><em>15.)</em></strong></span> 
     </span>
    </p>
   </div>
   <div class='ocr_carea' id='block_1_28' title="bbox 132 4011 1347 4262">
    <p class='ocr_par' dir='ltr' id='par_1_29' title="bbox 132 4011 1347 4262">
     <span class='ocr_line' id='line_1_47' title="bbox 132 4011 1297 4086; baseline 0 -12"><span class='ocrx_word' id='word_1_457' title='bbox 132 4015 286 4076; x_wconf 84' lang='lat' dir='ltr'><strong><em>Tommaso</em></strong></span> <span class='ocrx_word' id='word_1_458' title='bbox 311 4013 418 4072; x_wconf 81' lang='lat' dir='ltr'><strong><em>Prelic</em></strong></span> <span class='ocrx_word' id='word_1_459' title='bbox 439 4013 467 4070; x_wconf 64' lang='lat' dir='ltr'><strong><em>il.</em></strong></span> <span class='ocrx_word' id='word_1_460' title='bbox 482 4014 539 4070; x_wconf 90' lang='lat' dir='ltr'><strong><em>boa</em></strong></span> <span class='ocrx_word' id='word_1_461' title='bbox 561 4014 589 4069; x_wconf 89' lang='lat' dir='ltr'><strong><em>di</em></strong></span> <span class='ocrx_word' id='word_1_462' title='bbox 611 4013 717 4084; x_wconf 90' lang='lat' dir='ltr'><strong><em>Plinio,</em></strong></span> <span class='ocrx_word' id='word_1_463' title='bbox 746 4017 913 4086; x_wconf 88' lang='lat' dir='ltr'><strong><em>congettura</em></strong></span> <span class='ocrx_word' id='word_1_464' title='bbox 934 4011 1005 4070; x_wconf 88' lang='lat' dir='ltr'><strong><em>sulla</em></strong></span> <span class='ocrx_word' id='word_1_465' title='bbox 1030 4017 1116 4074; x_wconf 82' lang='lat' dir='ltr'><strong><em>storia</em></strong></span> <span class='ocrx_word' id='word_1_466' title='bbox 1138 4015 1212 4074; x_wconf 88' lang='lat' dir='ltr'><strong><em>della</em></strong></span> <span class='ocrx_word' id='word_1_467' title='bbox 1231 4035 1297 4075; x_wconf 85' lang='lat' dir='ltr'><strong><em>vac-</em></strong></span> 
     </span>
     <span class='ocr_line' id='line_1_48' title="bbox 175 4094 1296 4162; baseline 0 -3"><span class='ocrx_word' id='word_1_468' title='bbox 175 4102 325 4159; x_wconf 87' lang='lat' dir='ltr'><strong><em>cinazioue.</em></strong></span> <span class='ocrx_word' id='word_1_469' title='bbox 382 4099 516 4157; x_wconf 83' lang='lat' dir='ltr'><strong><em>Discorso</em></strong></span> <span class='ocrx_word' id='word_1_470' title='bbox 541 4097 610 4155; x_wconf 89' lang='lat' dir='ltr'><strong><em>letto</em></strong></span> <span class='ocrx_word' id='word_1_471' title='bbox 634 4099 679 4155; x_wconf 88' lang='lat' dir='ltr'><strong><em>all&#39;</em></strong></span> <span class='ocrx_word' id='word_1_472' title='bbox 705 4095 809 4156; x_wconf 85' lang='lat' dir='ltr'><strong><em>Accad.</em></strong></span> <span class='ocrx_word' id='word_1_473' title='bbox 841 4097 886 4154; x_wconf 89' lang='lat' dir='ltr'><strong><em>dei</em></strong></span> <span class='ocrx_word' id='word_1_474' title='bbox 910 4094 1005 4155; x_wconf 89' lang='lat' dir='ltr'><strong><em>Lincei</em></strong></span> <span class='ocrx_word' id='word_1_475' title='bbox 1030 4101 1059 4156; x_wconf 79' lang='lat' dir='ltr'><strong><em>cli</em></strong></span> <span class='ocrx_word' id='word_1_476' title='bbox 1088 4098 1181 4162; x_wconf 87' lang='lat' dir='ltr'><strong><em>Roma</em></strong></span> <span class='ocrx_word' id='word_1_477' title='bbox 1212 4102 1240 4158; x_wconf 91' lang='lat' dir='ltr'><strong><em>d.</em></strong></span> <span class='ocrx_word' id='word_1_478' title='bbox 1267 4095 1296 4158; x_wconf 82' lang='grc'><strong><em>6.</em></strong></span> 
     </span>
     <span class='ocr_line' id='line_1_49' title="bbox 141 4177 1347 4262; baseline -0.001 -18"><span class='ocrx_word' id='word_1_479' title='bbox 141 4228 143 4233; x_wconf 86' lang='grc'><strong>-</strong></span> <span class='ocrx_word' id='word_1_480' title='bbox 175 4185 286 4262; x_wconf 82' lang='lat' dir='ltr'><strong><em>Agosto</em></strong></span> <span class='ocrx_word' id='word_1_481' title='bbox 309 4179 399 4243; x_wconf 87' lang='grc'><strong>1824.</strong></span> <span class='ocrx_word' id='word_1_482' title='bbox 442 4183 549 4241; x_wconf 87' lang='lat' dir='ltr'><strong><em>Milano</em></strong></span> <span class='ocrx_word' id='word_1_483' title='bbox 571 4177 662 4242; x_wconf 85' lang='grc'><strong>1825.</strong></span> <span class='ocrx_word' id='word_1_484' title='bbox 685 4178 715 4243; x_wconf 90' lang='grc'><strong><em>8.</em></strong></span> <span class='ocrx_word' id='word_1_485' title='bbox 736 4213 780 4225; x_wconf 90' lang='grc'>-</span> <span class='ocrx_word' id='word_1_486' title='bbox 802 4177 883 4238; x_wconf 63' lang='lat' dir='ltr'><strong><em>fficio</em></strong></span> <span class='ocrx_word' id='word_1_487' title='bbox 902 4184 932 4239; x_wconf 85' lang='lat' dir='ltr'><strong><em>in</em></strong></span> <span class='ocrx_word' id='word_1_488' title='bbox 947 4181 1069 4243; x_wconf 89' lang='lat' dir='ltr'><strong><em>Omodei</em></strong></span> <span class='ocrx_word' id='word_1_489' title='bbox 1089 4185 1181 4244; x_wconf 86' lang='lat' dir='ltr'><strong><em>annali</em></strong></span> <span class='ocrx_word' id='word_1_490' title='bbox 1196 4186 1224 4244; x_wconf 90' lang='lat' dir='ltr'><strong><em>di</em></strong></span> <span class='ocrx_word' id='word_1_491' title='bbox 1239 4203 1296 4244; x_wconf 91' lang='lat' dir='ltr'><strong><em>me-</em></strong></span> <span class='ocrx_word' id='word_1_492' title='bbox 1341 4220 1347 4231; x_wconf 85' lang='lat'><em>·</em></span> 
     </span>
    </p>
   </div>
   <div class='ocr_carea' id='block_1_29' title="bbox 177 4255 1297 4422">
    <p class='ocr_par' dir='ltr' id='par_1_30' title="bbox 177 4255 1297 4422">
     <span class='ocr_line' id='line_1_50' title="bbox 177 4255 1297 4344; baseline -0.002 -16"><span class='ocrx_word' id='word_1_493' title='bbox 177 4271 277 4342; x_wconf 73' lang='lat' dir='ltr'><strong><em>arana,</em></strong></span> <span class='ocrx_word' id='word_1_494' title='bbox 303 4265 395 4337; x_wconf 76' lang='lat'><strong><em>1824,</em></strong></span> <span class='ocrx_word' id='word_1_495' title='bbox 415 4266 484 4326; x_wconf 78' lang='lat' dir='ltr'><strong><em>Dee.</em></strong></span> <span class='ocrx_word' id='word_1_496' title='bbox 529 4271 671 4338; x_wconf 74' lang='grc'><strong>(1111111.</strong></span> <span class='ocrx_word' id='word_1_497' title='bbox 687 4269 790 4324; x_wconf 76' lang='lat' dir='ltr'><strong><em>xxiv.</em></strong></span> <span class='ocrx_word' id='word_1_498' title='bbox 805 4287 830 4324; x_wconf 69' lang='grc' dir='ltr'><strong><em>ο.</em></strong></span> <span class='ocrx_word' id='word_1_499' title='bbox 845 4255 873 4324; x_wconf 63' lang='lat' dir='ltr'><strong><em>a.</em></strong></span> <span class='ocrx_word' id='word_1_500' title='bbox 889 4285 911 4324; x_wconf 73' lang='lat' dir='ltr'><strong><em>a.</em></strong></span> <span class='ocrx_word' id='word_1_501' title='bbox 927 4271 971 4324; x_wconf 80' lang='lat' dir='ltr'><strong><em>aa.</em></strong></span> <span class='ocrx_word' id='word_1_502' title='bbox 988 4275 1075 4337; x_wconf 79' lang='lat'><strong><em>§.·53:</em></strong></span> <span class='ocrx_word' id='word_1_503' title='bbox 1091 4275 1164 4341; x_wconf 70' lang='lat' dir='ltr'><strong><em>„boa</em></strong></span> <span class='ocrx_word' id='word_1_504' title='bbox 1178 4275 1297 4344; x_wconf 66' lang='lat' dir='ltr'><strong><em>appan-</em></strong></span> 
     </span>
     <span class='ocr_line' id='line_1_51' title="bbox 179 4347 1297 4422; baseline 0 -18"><span class='ocrx_word' id='word_1_505' title='bbox 179 4359 222 4404; x_wconf 91' lang='lat' dir='ltr'><strong><em>tur</em></strong></span> <span class='ocrx_word' id='word_1_506' title='bbox 239 4351 343 4404; x_wconf 85' lang='lat' dir='ltr'><strong><em>morbus</em></strong></span> <span class='ocrx_word' id='word_1_507' title='bbox 361 4349 516 4418; x_wconf 82' lang='lat' dir='ltr'><strong><em>papularum</em></strong></span> <span class='ocrx_word' id='word_1_508' title='bbox 535 4365 591 4402; x_wconf 89' lang='lat' dir='ltr'><strong><em>cum</em></strong></span> <span class='ocrx_word' id='word_1_509' title='bbox 609 4349 701 4401; x_wconf 89' lang='lat' dir='ltr'><strong><em>rubent</em></strong></span> <span class='ocrx_word' id='word_1_510' title='bbox 720 4349 869 4417; x_wconf 85' lang='lat' dir='ltr'><strong><em>corpora“;</em></strong></span> <span class='ocrx_word' id='word_1_511' title='bbox 889 4347 964 4400; x_wconf 81' lang='lat' dir='ltr'><strong><em>boam</em></strong></span> <span class='ocrx_word' id='word_1_512' title='bbox 983 4349 1062 4404; x_wconf 86' lang='lat' dir='ltr'><strong><em>habet</em></strong></span> <span class='ocrx_word' id='word_1_513' title='bbox 1079 4369 1126 4422; x_wconf 92' lang='lat' dir='ltr'><strong><em>pro</em></strong></span> <span class='ocrx_word' id='word_1_514' title='bbox 1144 4353 1233 4406; x_wconf 86' lang='lat' dir='ltr'><strong><em>morbo</em></strong></span> <span class='ocrx_word' id='word_1_515' title='bbox 1250 4368 1297 4404; x_wconf 84' lang='lat' dir='ltr'><strong><em>ra-</em></strong></span> 
     </span>
    </p>
   </div>
   <div class='ocr_carea' id='block_1_30' title="bbox 0 0 1426 4872">
    <p class='ocr_par' dir='ltr' id='par_1_31' title="bbox 0 0 1426 4872">
     <span class='ocr_line' id='line_1_52' title="bbox 0 0 1426 4872; baseline 0 0"><span class='ocrx_word' id='word_1_516' title='bbox 0 0 1426 4872; x_wconf 95' lang='lat' dir='ltr'><strong><em> </em></strong></span> 
     </span>
    </p>
   </div>
  </div>
 </body>
</html>
