2808 4872
535 242 675 306 Medicina
699 247 893 310 recentiorum.
1257 251 1299 312 65

172 392 272 461 (Gilles
290 391 324 446 de
342 391 464 458 Comeli,
485 391 599 463 Philippi
617 393 729 464 Augusti
747 413 775 448 re
795 395 817 448 'r
835 395 940 454 Galliae
957 397 1102 463 archiater,
1126 401 1174 457 cir.
1194 402 1297 471 Aegidii

174 461 352 518 corboliensis
371 462 484 516 carmina
501 463 610 518 medica.
629 462 704 534 Lips.
723 465 756 520 18
792 465 855 534 ,8.)

543 599 610 654 GG.
667 601 889 662 urceolo.

125 707 199 770 Chr.
233 705 355 766 Godosr.
387 704 530 764 Gruner
555 725 650 784 progr.
685 727 777 784 neque
803 709 876 768 Eros
899 728 991 785 neque
1016 710 1144 788 Trotula,
1170 713 1221 771 sed
1246 715 1300 770 Sa-

105 808 108 810 ·
173 792 325 850 lernitanus
360 791 475 866 quidam
509 792 648 864 medicus,
685 793 766 868 isque
802 794 992 868 Christianus,
1020 803 1119 856 auctor
1138 797 1221 855 libelli
1246 805 1300 876 est,

175 877 226 952 qui
252 877 288 934 de
316 876 420 933 morbis
448 875 592 934 mulierum
618 877 782 936 inscribitur.
825 877 887 942 Jen.
912 874 1002 940 1773.
1028 876 1058 938 4.
1104 885 1254 952 (Accnrata
1272 897 1300 940 et

177 956 285 1028 copiosa
302 955 464 1026 disquisiti03
484 959 533 1010 cir.
544 958 680 1011 Joirrbucb
692 963 719 1028 s.
735 961 760 1012 d.
783 960 907 1014 deutsche
926 961 1021 1014 Medic.
1037 960 1063 1014 3.
1074 961 1171 1034 Jobrg.
1188 964 1300 1032 S.144.)

220 1111 304 1207 Ι).
368 1107 714 1210 Medicina
752 1112 1214 1213 recmctiorarm

417 1377 700 1448 Saeculum
759 1379 1021 1452 XVI-xlx

130 1517 211 1578 Will.
237 1517 325 1577 Henr.
347 1518 526 1578 Williams
551 1539 569 1576 a
596 1521 707 1578 concise
735 1521 847 1578 treatise
869 1540 906 1580 on
932 1521 980 1580 the
999 1541 1132 1600 progreas
1153 1523 1188 1581 of
1208 1524 1303 1581 mede-

179 1603 240 1660 cine
262 1604 337 1662 since
360 1604 408 1663 the
430 1622 496 1680 year
517 1597 609 1663 1573.
652 1603 746 1665 Lond.
770 1600 860 1663 1804.

6 1711 8 1764 3
131 1686 210 1750 Dav.
234 1693 300 1746 van
321 1689 577 1762 Hoogstraten
610 1689 675 1747 diss.
705 1691 784 1768 epist.
814 1691 850 1747 de
877 1689 1014 1748 hodierno
1040 1689 1193 1749 medicinae
1217 1696 1302 1753 statu.

178 1772 276 1836 Dortr.
295 1769 387 1834 1683.
403 1769 432 1831 8.
448 1785 517 1848 (Cir.
540 1785 624 1856 Cbpb.
657 1786 842 1856 chleiter
866 1785 899 1839 de
921 1787 1054 1857 palmariis
1077 1804 1148 1842 saec.
1165 1791 1247 1841 nostri
1264 1789 1304 1840 in-

180 1853 276 1908 ventis.
291 1855 384 1907 Alteri.
408 1853 483 1908 1679.
501 1853 540 1921 4,)
666 1875 670 1882 ·

119 1927 193 1987 ΙΤ1.
215 1927 337 1985 Jansson
359 1927 395 1985 ab
416 1925 655 1986 Almeloveen
678 1929 790 1986 inventa
811 1928 998 2003 nov-antiqua
1023 1929 1039 1989 1.
1063 1947 1087 1986 e.
1113 1929 1205 1988 brevis
1225 1947 1305 1987 enar-

180 2012 253 2070 ratio
278 2016 355 2071 ortus
378 2015 408 2069 et
432 2030 597 2088 progressus
631 2015 697 2072 artis
729 2014 868 2086 medicae,
902 2032 935 2070 ac
957 2013 1105 2090 praecipue
1126 2015 1163 2072 de
1187 2015 1305 2072 inventis

179 2096 266 2171 vulgo
288 2098 367 2155 novis
393 2097 432 2153 ait
452 2097 610 2174 nuperrime
634 2098 662 2155 in
688 2117 722 2156 ea
746 2099 871 2174 repertis.
926 2098 1077 2173 subjicitur
1098 2097 1197 2172 Ejusd.
1214 2115 1305 2156 rerum

179 2182 353 2238 inventarum
376 2182 577 2239 onomasticon.
621 2181 738 2242 Amstel.
757 2177 846 2240 1684.
863 2177 893 2240 8.
909 2183 973 2244 min.
1023 2187 1138 2253 (Simile
1153 2204 1220 2256 opus
1235 2205 1306 2239 conr-

181 2259 321 2332 pilatitium
339 2269 366 2314 et
383 2261 499 2329 ejusdem
516 2262 632 2316 auctoris
650 2272 705 2316 est:
744 2265 887 2330 opuscula,
909 2263 965 2314 sive
983 2264 1177 2330 antiquitatum
1193 2281 1208 2316 e
1223 2265 1307 2315 sacris

183 2335 361 2398 profanarum
378 2331 517 2398 specimen,
536 2333 718 2397 conjectantes,
736 2339 853 2383 ceteram
867 2333 1007 2400 podiorum
1020 2337 1182 2401 fragmenta
1203 2339 1229 2384 ct
1243 2335 1306 2400 pln-

181 2400 334 2469 ginniacum
349 2401 474 2466 syllabus.
513 2400 619 2452 Amstel.
643 2399 718 2454 1686.
738 2399 764 2454 8.
783 2400 859 2465 nain.;
879 2417 934 2452 cum
954 2401 1021 2453 novo
1043 2399 1131 2453 titulo:
1150 2401 1305 2454 [101000110-

182 2475 223 2520 tes
240 2469 595 2538 theologico-philologicos.
635 2467 742 2524 Amstel.
762 2467 837 2522 1694.
855 2468 899 2536 8.)

6 2517 8 2546 ᾗ
132 2541 185 2603 Jo.
208 2539 313 2599 Abrab.
338 2540 512 2598 Mercklin
538 2542 673 2620 diascepis
694 2542 897 2600 neotericcrum
923 2539 1035 2599 inventa
1060 2540 1178 2619 plurima
1199 2541 1307 2600 medica

182 2625 378 2702 complectens.
422 2625 519 2683 Patav.
543 2621 634 2686 1696.
656 2621 686 2686 4.

134 2712 213 2770 Geo.
239 2709 309 2768 Phil.
332 2707 472 2768 Neuter
500 2711 537 2767 de
560 2716 637 2769 statu
664 2710 817 2768 medicinae
841 2709 988 2767 hodierno.
1014 2705 1132 2784 Argent.
1161 2701 1251 2766 1713.
1275 2703 1305 2770 4.

134 2797 227 2855 Com.
251 2813 267 2852 a
289 2794 467 2870 Beughem
487 2794 609 2870 syllabus
628 2815 725 2854 recens
749 2795 956 2872 exploratorum
979 2795 1007 2851 in
1031 2813 1061 2851 re
1082 2793 1204 2865 medica,
1236 2793 1308 2870 phy-

184 2879 241 2938 sica
261 2885 290 2937 et
315 2879 448 2954 chymica,
478 2885 564 2956 prout
584 2881 612 2938 in
638 2879 819 2938 Miscellaneis
841 2880 914 2936 med.
934 2877 1014 2956 phys.
1031 2875 1098 2936 Nat.
1111 2877 1219 2934 Curios.
1235 2877 1307 2935 Ger-

184 2983 269 3038 man,
291 2963 375 3041 Gall,
397 2962 469 3022 Dan.
493 2971 522 3020 ct
543 2964 623 3040 Belg.
646 2965 762 3042 sparsim
785 2971 890 3026 extant.
933 2962 1087 3020 Amstelod.
1114 2959 1204 3024 1696.
1234 2957 1281 3044 12.

135 3050 275 3110 Laurent.
302 3067 368 3106 van
390 3049 456 3106 den
475 3047 592 3106 Buscb
614 3051 702 3107 oratio
724 3050 760 3106 de
779 3049 953 3106 incrementis
969 3048 1130 3116 medicinae,
1156 3065 1205 3104 seu
1226 3063 1308 3122 prae-

185 3134 272 3212 cipuis
293 3151 327 3190 ac
348 3133 502 3190 novissimis
522 3133 578 3208 huj.
595 3153 669 3192 saec.
681 3135 708 3190 in
720 3139 780 3190 arte
790 3134 899 3190 medica
909 3133 1036 3189 inventis.
1067 3133 1162 3188 Brem.
1176 3127 1265 3190 1699.
1277 3125 1306 3194 4,

135 3221 226 3280 Bern.
257 3217 413 3276 Albinus
429 3216 524 3276 ¹oratio
557 3219 594 3275 de
618 3217 792 3276 incrementis
815 3224 843 3276 et
868 3223 944 3274 statu
969 3217 1036 3273 artis
1058 3213 1181 3273 medicae
1206 3215 1308 3273 saeculi

184 3303 284 3362 decimi
306 3302 424 3380 septimi.
467 3300 563 3378 Lugd.
589 3302 652 3361 Bat.
676 3298 768 3364 1711.
794 3297 824 3359 4.

136 3389 228 3450 Gabr.
250 3387 395 3464 Zagoni
420 3387 485 3450 diss,
515 3389 551 3444 de
571 3388 691 3445 inventis
712 3386 794 3460 hujus
823 3384 926 3443 saeculi
947 3383 976 3442 in
1000 3388 1061 3440 arte
1083 3383 1197 3441 salutari
1218 3381 1306 3444 novis.

182 3473 279 3548 Lugd.
300 3472 363 3530 Bai.
393 3469 485 3550 (Traj.
508 3472 546 3528 ad
566 3471 669 3549 Rben.)
695 3465 787 3531 1764.
812 3465 842 3528 4.

80 3553 85 3564 ”
135 3559 210 3618 Ern.
232 3557 338 3621 Gottsr.
364 3555 566 3632 Baldinger
590 3576 687 3634 progr.
705 3557 741 3614 de
762 3556 804 3628 iis,
830 3571 903 3630 quae
920 3551 975 3610 hoc
989 3551 1100 3609 saeculo
1115 3552 1229 3610 inventa
1243 3557 1308 3610 sunt

183 3645 211 3701 in
233 3650 295 3702 arte
316 3642 432 3700 medica.
483 3640 610 3718 Gotting.
638 3635 728 3702 1773.
750 3633 780 3698 4.
816 3672 860 3682 ·-
895 3636 983 3696 Redit
1006 3639 1036 3694 in
1060 3637 1159 3712 Ejusd,
1186 3637 1308 3716 Opuscc.

182 3729 258 3786 med.
301 3727 430 3800 Gotting.
455 3720 548 3785 1787.

134 3815 187 3873 10.
210 3817 284 3888 Aug.
306 3811 376 3874 Pbil,
399 3811 559 3868 Gessner
582 3810 627 3866 die
652 3808 876 3882 Entdeclmugen
899 3805 950 3863 der
970 3809 1104 3863 neuesten
1130 3805 1195 3864 Zeit
1215 3805 1244 3862 in
1259 3805 1309 3862 der

183 3895 465 3973 Araneigelahrtheit.
529 3893 706 3970 Niirdliugen
728 3885 967 3953 1778-1788.
982 3886 1012 3948 4.
1030 3885 1140 3951 47011.
1184 3885 1251 3947 Nou.
1264 3892 1307 3950 rit.

138 3997 140 4000 ·
180 3981 250 4042 ibid.
278 3974 498 4040 1786-1789.
525 3975 555 4038 8.
1303 3993 1306 4002 ’

134 4068 240 4143 Henry
250 4065 421 4141 Manniug
431 4065 548 4122 modern
559 4065 774 4140 improvements
785 4062 813 4119 in
829 4061 878 4118 the
892 4059 1013 4138 practice
1024 4059 1058 4115 oi
1071 4057 1195 4134 physicis.
1215 4053 1307 4114 Lond.

186 4147 278 4212 1781).
300 4147 331 4210 8.
354 4183 395 4193 —-
426 4149 553 4206 German.
575 4155 642 4210 neri.
669 4148 703 4206 C.
719 4148 755 4204 H.
774 4147 899 4222 Spohr.
926 4142 1022 4220 Leipz.
1036 4137 1127 4204 1786.
1150 4136 1213 4202 82
1232 4139 1307 4203 Part.

187 4232 347 4298 (Medicinae
366 4231 499 4300 practicae
516 4231 675 4282 incrementa
692 4228 752 4280 inde
770 4219 962 4280 a'Boerbaavii
979 4223 1160 4292 temporibus.)

134 4307 175 4371 E.
200 4305 332 4384 Theopb.
355 4303 536 4362 Guaricke
560 4301 724 4376 allgemeine
751 4300 915 4358 historische
939 4297 998 4353 und
1024 4295 1159 4352 kritischc¹
1174 4292 1309 4351 11011001-

184 4395 293 4468 tungen
321 4389 391 4448 iiber
422 4389 468 4447 die
489 4385 684 4447 mediciniscbe
715 4383 858 4444 Literatur
886 4399 999 4440 anseres
1020 4379 1224 4437 Jahrbunderts
1250 4379 1309 4436 und

1037 4475 1057 4536 5

1300 4571 1359 4584 A
