2808 4872
538 297 670 380 Aegypti.
703 301 812 392 Graeci.
1229 299 1270 364 35

25 429 26 510 ζ
105 453 176 516 Patr.
198 453 337 514 Gerilre
372 450 531 534 (Gericlre)
563 455 599 514 de
626 451 754 528 Athotis‚
792 453 939 514 Tosarthri
962 460 991 514 et
1016 455 1268 532 antiquissimorum

25 563 27 606 5
142 539 348 617 Aegyptiorum
368 539 509 597 anatomia
524 539 659 597 fabulosa.
678 539 852 604 Helmestad.
866 534 956 600 1739.
968 537 998 603 4.
1026 547 1150 617 (Scripta
1164 547 1199 599 de
1213 563 1269 599 mu-

25 627 26 646 ³
144 620 201 674 ruiis
218 621 280 673 vide
297 621 345 674 sub
362 619 471 674 historia
491 619 658 686 anatomiae.)

106 691 180 752 Cart.
194 695 307 772 Spren
316 693 376 770 gel
391 712 486 772 progr.
502 693 724 768 antiquissimum
739 693 813 770 regis
823 691 947 771 Aegypti
957 693 1094 754 Pharonis
1107 689 1267 775 ἀνάθημα.
1282 749 1283 752 ,

104 773 596 939 Δυῗ198893918118ετρωςτ.
624 861 661 919 de
685 860 745 918 loto
777 858 919 940 Aegyptia
940 861 969 920 in
1001 843 1120 922 numlnis
1140 865 1267 940 antiquis.

144 947 222 1025 Lips.
241 941 333 1007 1746.
350 948 372 1011 s.
407 951 479 1018 (Cir.
493 951 572 1017 Benj.
587 951 649 1019 Ray
661 949 691 1002 in
706 950 879 1006 Gentlemans
894 968 997 1019 magar.
1016 959 1042 1006 et
1060 955 1122 1008 inde
1139 955 1169 1006 io
1186 955 1268 1006 Ham-

145 1029 220 1096 burg.
244 1026 351 1096 Magea.
370 1028 419 1084 Bd.
438 1027 481 1091 23,
498 1029 528 1082 S.
546 1027 597 1078 201
615 1029 669 1096 tg.;
687 1027 749 1079 dein
767 1026 831 1082 Rau.
852 1029 882 1082 Ι..
902 1029 1084 1082 Desfoutalnes
1102 1033 1128 1082 in
1146 1029 1224 1084 Mem.
1234 1030 1268 1083 de

145 1095 247 1154 l'Acad.
264 1097 291 1153 d.
301 1096 398 1152 selene.
408 1097 441 1150 de
450 1096 537 1154 Paris.
555 1094 632 1162 1788,
649 1113 676 1166 p.
695 1095 747 1150 443
755 1111 777 1152 e.
792 1103 818 1150 et
826 1098 917 1156 Journ.
928 1097 961 1150 de
970 1097 1046 1167 phys.
1056 1107 1077 1156 t.
1086 1098 1130 1155 33.
1140 1115 1165 1168 p.
1174 1097 1224 1154 287
1234 1103 1268 1167 s.)

433 1272 475 1340 2
567 1266 935 1340 Graece

511 1415 572 1457 aa.
611 1400 852 1460 Gerwrattm.

106 1505 179 1567 Petr.
204 1506 338 1566 Gerihe
362 1508 399 1565 de
425 1505 527 1566 scholis
552 1495 637 1582 atque
661 1507 795 1566 institutis
827 1508 940 1566 medicis
971 1509 1000 1566 in
1034 1507 1152 1566 Graecia
1184 1515 1270 1586 atque

144 1590 279 1671 Aegypto
310 1594 402 1668 deque
435 1593 588 1650 medicinae
620 1597 694 1650 statu
718 1593 747 1650 in
771 1593 891 1650 Graecia
910 1599 976 1650 ante
997 1593 1178 1669 Hippocratis
1198 1600 1270 1654 tem-

146 1696 227 1755 pora.
251 1670 666 1755 fielnestad.1745.(1748.)
683 1673 712 1734 4.
757 1682 834 1749 (err.
849 1681 883 1734 a.
900 1683 935 1732 a.
952 1682 1121 1732 uererer
1139 1688 1182 1740 aa
1200 1689 1270 1740 aare·

146 1765 204 1810 atera
225 1759 369 1830 Zeugnicee
378 1761 430 1824 scir
448 1758 538 1810 iuuere
556 1758 708 1811 Heillcaode
726 1760 767 1812 hei
785 1759 835 1810 den
855 1757 985 1810 Griechen
1008 1757 1035 1809 iu
1052 1757 1158 1812 Hecker
1175 1755 1269 1812 Annal.

147 1825 172 1880 d.
191 1825 338 1879 Heilkunde
356 1826 433 1890 1839,
451 1825 538 1878 XXII.
564 1827 593 1882 S.
613 1825 671 1894 16.)

109 1897 150 1956 Jo.
172 1897 248 1974 Aug.
273 1898 487 1957 Wohlfarth
509 1899 717 1975 Biographieen
739 1897 922 1974 griechischer
944 1893 1048 1956 Aerzte
1069 1915 1120 1958 aus
1142 1899 1193 1957 der
1213 1897 1272 1956 Ge·

148 1984 270 2042 schichte
292 1984 342 2040 der
363 1982 485 2041 Medicin
506 1984 556 2040 des
580 1983 617 2040 Η.
640 1982 761 2041 Leclerc.
805 1982 888 2040 Halle
914 1976 1004 2042 1770.
1028 1976 1057 2039 8.

110 2065 170 2126 Car.
193 2068 259 2127 Glo.
282 2065 389 2126 Kiihn
417 2067 453 2124 de
481 2085 566 2124 causa
592 2069 688 2125 mortis
714 2067 856 2124 hominum
885 2085 959 2140 aqua
980 2065 1187 2124 submersorum
1209 2084 1273 2127 ‚eos-

148 2171 204 2228 que
217 2153 246 2210 in
268 2153 353 2209 vitam
373 2152 521 2210 revocandi
545 2152 653 2209 ratione
673 2151 813 2210 veteribus
836 2151 972 2208 Graeciae
993 2151 1107 2208 medicis
1129 2157 1271 2228 usurpata.

148 2235 227 2315 Lips.
249 2231 341 2297 1778.
363 2231 393 2296 4.
414 2267 458 2278 -
480 2235 567 2292 Redit
587 2239 617 2293 in
638 2235 762 2311 Ejusd.
785 2235 907 2313 Opuscc.
929 2235 1009 2295 acad.
1028 2235 1092 2292 Vol.
1104 2235 1126 2294 1.
1150 2231 1210 2313 p.l
1229 2253 1273 2309 sq.

111 2354 151 2366 --
180 2355 224 2366 -
263 2318 358 2398 (resp.
392 2319 459 2378 Chr.
499 2319 567 2378 th.
600 2319 633 2377 F.
666 2319 786 2396 Wehel)
826 2321 863 2378 de
897 2319 1072 2396 philosophis
1098 2325 1165 2377 ante
1199 2319 1273 2397 Hip-

149 2411 294 2484 pocratem
314 2403 467 2462 medicinae
488 2403 650 2476 cultoribus,
676 2406 713 2462 ad
735 2404 810 2461 Celsi
832 2405 868 2460 de
888 2405 987 2464 medic.
1009 2405 1128 2481 praefat.
1154 2403 1273 2482 Specim.

149 2491 171 2554 I.
214 2489 294 2567 Lips.
318 2482 409 2550 1781.
430 2483 460 2546 4.
487 2519 530 2530 -
550 2487 637 2546 Redit
657 2492 687 2546 in
706 2489 731 2544 J.
755 2489 822 2546 Chr.
844 2487 899 2544 Gli.
923 2487 1098 2546 Achermanu
1110 2507 1224 2566 opuscc.
1235 2489 1274 2546 ad

149 2575 303 2634 medicinae
334 2573 477 2631 historiam
509 2574 658 2649 pertinent.
690 2567 782 2632 1797.
812 2591 841 2648 p.
869 2566 1053 2631 237-292
1085 2578 1110 2629 et
1135 2576 1166 2632 io
1186 2571 1275 2629 Kiihn

151 2659 275 2736 Opuscc.
311 2658 390 2715 acad.
426 2656 490 2714 Vol.
518 2657 539 2714 l.
572 2676 639 2734 pag.
670 2651 711 2717 47
729 2691 767 2700 -
781 2650 831 2714 86.
902 2658 1019 2727 (Agitur
1045 2661 1079 2712 de
1105 2661 1275 2730 Pythagora,
1363 2655 1366 2660 ’

151 2739 308 2794 Alcmaeone
326 2743 353 2792 et
370 2737 536 2808 Empedocle,
555 2739 659 2808 specim.
680 2737 790 2790 alterum
807 2751 936 2806 uunquam
955 2735 1051 2789 editum
1069 2739 1131 2804 est.)

425 2911 488 2970 hh·
552 2910 746 2966 Arietem
781 2908 945 2982 cinguli.

547 3043 576 3080 α.
611 3032 686 3080 Nem
702 3029 830 3080 mediet·

505 3144 562 3197 AA.
622 3143 867 3198 Homerus.

109 3251 212 3312 Anton.
233 3250 404 3310 Valetius
427 3252 527 3326 oratio,
549 3271 605 3328 qua
622 3251 775 3309 medicinae
788 3249 939 3324 antiquitas
955 3267 990 3307 ex
1004 3249 1194 3325 antiquissimo
1205 3251 1285 3328 poe-2

150 3345 242 3396 tarum
267 3336 393 3394 Homero
416 3336 507 3394 obiter
531 3343 560 3394 et
585 3335 732 3412 allegorice
754 3334 927 3392 describitur.
969 3333 1057 3396 Paris,
1081 3328 1171 3394 1570.
1195 3331 1224 3393 8.

110 3419 373 3566 Adlapnogrpudel
397 3420 484 3498 (resp.
496 3420 522 3480 J.
535 3421 598 3540 Gfr.
612 3420 723 3500 Oertel)
753 3421 818 3476 diss.
843 3419 879 3476 de
900 3417 1026 3476 Homero
1041 3419 1160 3476 medico.
1183 3419 1277 3477 Viteb.

111 3591 154 3649 Jo.
181 3591 248 3648 Chr.
274 3587 458 3665 Haynisch
488 3607 584 3668 progr.
616 3587 772 3646 Homerum
799 3587 866 3645 artis
888 3585 1020 3644 medendi
1040 3585 1160 3663 peritum
1184 3587 1277 3646 fuisse.

153 3675 264 3734 Schleiz
290 3667 381 3733 1736.
404 3675 425 3731 f.

110 3759 155 3823 Jo.
177 3760 236 3818 Gli.
253 3757 403 3817 Daehne
424 3755 544 3836 epistola
566 3756 602 3814 de
622 3755 759 3814 medicina
780 3754 905 3813 Homeri.
927 3751 1004 3830 Lips.
1029 3747 1120 3816 1746.
1145 3747 1176 3817 4.
1207 3759 1278 3828 (Otr.

153 3840 186 3897 1⁴¹.
207 3841 242 3892 G.
260 3837 424 3891 Welcker
453 3837 677 3889 Wuodhcillcanet
696 3839 743 3889 der
759 3837 866 3890 Heraea
882 3834 923 3888 hei
940 3835 1040 3887 Homer
1056 3833 1084 3888 in
1101 3835 1207 3888 Hecker
1223 3839 1278 3890 An-

153 3907 205 3960 nal.
231 3907 258 3962 d.
275 3907 422 3960 Heilhunde
440 3907 516 3960 1832.
534 3903 636 3958 Xlllll.
654 3904 729 3971 267.)

112 3979 213 4043 David.
237 3979 302 4042 Glo.
325 3979 425 4038 Wolf
442 3981 479 4036 de
488 3977 571 4034 rebus
583 3997 617 4034 ex
628 3977 753 4036 Homero
764 3977 878 4035 medicis
889 3975 1016 4053 epistola.
1036 3975 1129 4034 Viteb.
1146 3969 1236 4036 1791.
1248 3972 1277 4035 4.

156 4061 227 4129 (cfr.
245 4060 300 4117 Jer.
319 4059 386 4112 Rud.
396 4057 645 4140 Lichtenptr'adt
663 4060 840 4128 Ducsteliamg
857 4059 905 4110 der
918 4057 948 4109 in
966 4057 1016 4138 dep
1031 4057 1216 4138 Homerieelrcn
1227 4057 1279 4110 Ge·

154 4133 260 4250 tlt?
267 4129 524 4251 1141111111
525 4128 712 4265 illitati?
723 4126 852 4262 31198
875 4125 933 4178 ¹¹⁰⁶
956 4125 1108 4176 '¹⁰²¹''”''‘¹⁶
1129 4141 1156 4175 ¹¹¹
1174 4125 1279 4178 nam

116 4270 178 4335 Car.
202 4271 276 4334 Gall.
296 4269 477 4330 Halblrart
497 4267 680 4345 psychologia
702 4268 868 4343 Homerica,
896 4265 955 4322 sive
975 4265 1011 4321 de
1032 4261 1182 4321 Homerica
1207 4265 1278 4323 circa

157 4357 277 4415 animam
297 4355 342 4414 vel
362 4354 522 4432 cognitione
542 4355 586 4413 vel
608 4353 739 4431 opinione
753 4349 960 4410 commentatio.
990 4347 1136 4406 Ziillichau
1147 4341 1238 4408 1796.
1249 4343 1277 4406 8.

118 4439 181 4499 Carl
202 4441 298 4500 Heinr.
320 4439 403 4499 Wilh.
427 4438 586 4506 Voellrer
606 4437 772 4515 Programm
787 4437 859 4494 iiber
874 4435 920 4492 die
935 4431 1106 4586 Becgeptung
1122 4451 1178 4489 von
1191 4424 1276 4522 paq(
