2766 4878
103 198 163 264 104
485 205 626 270 Medicina
649 209 679 270 in
699 209 876 290 theolog'cis.

101 358 189 419 Clem.
211 362 413 420 Anomoens
437 378 578 421 0000000οι
597 363 739 440 arborum,
758 363 889 422 fruticum
899 370 929 422 et
939 363 1049 426 herbar.
1064 359 1172 424 decasl
1184 361 1247 437 et2·‚

143 443 349 520 Crentzgarten
368 447 420 506 der
444 445 565 522 heiligen
586 449 700 508 Schrist.
730 443 758 512 1.
782 443 815 509 2.
840 448 932 510 Theil.
995 447 1150 526 Nisrnberg
1170 446 1247 514 1699.

143 523 173 587 8.
197 525 261 587 Cum
277 531 355 608 figg.
376 529 453 608 ligno
472 533 573 591 1001010.

102 610 215 672 Lndov.
237 613 424 673 Humetius
436 615 595 694 ,scripturae
616 635 713 674 000000
725 617 886 676 viridarium
897 618 934 677 de
954 618 1097 695 frugiferis
1113 618 1251 692 arboribus,

143 697 312 774 infrugiferis
333 705 362 758 et
382 700 513 778 mysticis.
556 700 642 759 l'aris.
665 695 756 760 1626.
781 697 811 762 8.
943 771 948 782 1

102 780 148 840 Jo.
179 782 269 842 Henr.
298 783 457 844 Ursinus
478 785 638 846 arboretam
659 786 805 860 biblicum,
837 787 865 846 in
892 805 950 864 quo
976 787 1092 846 arbores
1114 791 1143 845 et
1161 787 1255 844 fructus

145 868 251 946 passim
276 868 304 926 in
327 870 412 928 sacris
438 869 523 928 literis
549 867 719 930 occurentes
740 872 815 930 notis
842 871 1033 950 philologieis,
1062 871 1258 949 philosophicis,

144 951 311 1029 theologicis
337 960 516 1032 exponuntur
539 959 569 1012 et
588 955 768 1013 illustrantur.
812 954 940 1016 Norimb.
965 952 1055 1016 1663.
1070 951 1099 1014 8.
1114 957 1151 1016 ib.
1175 950 1259 1014 1665.

145 1030 175 1098 8.
198 1036 235 1098 ib.
259 1031 352 1097 1672.
373 1035 402 1098 8.
423 1039 461 1102 ib.
485 1033 575 1100 1685.
597 1035 627 1098 8.
663 1037 728 1098 Gaas
749 1041 819 1099 root.
841 1061 899 1100 ceu.
922 1039 1126 1118 (Theologicus
1147 1041 1260 1118 auctor.)

146 1151 190 1165 -
210 1119 333 1196 Ejusd.
366 1123 536 1182 continuatio
571 1124 703 1184 historiae
732 1125 889 1202 plantarum
920 1126 1038 1185 biblicae
1067 1144 1091 1186 0.
1129 1127 1166 1184 de
1192 1143 1264 1183 sacra

147 1205 322 1283 phytologia,
344 1205 487 1266 herbarius
508 1227 586 1267 sacer
611 1215 640 1268 et
660 1209 759 1268 hortus
771 1211 948 1274 aromaticus.
991 1209 1119 1268 Norimb.
1137 1205 1226 1269 1685.
1237 1204 1265 1270 8.

70 1355 72 1359 y
104 1286 222 1348 Adrion.
249 1292 436 1368 Cocquius
467 1293 581 1352 historia
610 1312 644 1352 ac
673 1295 871 1372 contemplatio
900 1313 980 1354 sacra
1007 1295 1165 1374 plantarum
1189 1295 1267 1352 arbo·

146 1393 208 1432 rum
228 1383 257 1436 et
287 1375 445 1456 herbarum,
482 1397 599 1456 quarum
630 1378 664 1438 lit
698 1380 803 1438 mentio
839 1381 868 1439 in
889 1381 920 1439 S.
946 1381 1097 1460 Scriptura.
1140 1379 1268 1455 Vlissing.

146 1454 239 1519 1664.
265 1457 296 1520 4.

107 1542 181 1609 wilt
208 1545 777 1628 1700100001θεολογοβοτανολογια
798 1569 822 1608 0.
841 1549 958 1608 61010010
982 1549 1180 1626 vegetabilium
1197 1567 1272 1607 00000

149 1649 182 1687 or
202 1648 220 1688 a
241 1630 384 1709 Scripture
408 1631 512 1691 herbal.
545 1631 639 1694 Lond.
664 1629 753 1692 1695.
776 1628 807 1692 8.

106 1711 208 1772 hlutth.
229 1713 346 1775 Hiller
362 1717 574 1794 hierophyticon
600 1719 660 1775 sive
680 1718 893 1776 commentarius
914 1719 942 1776 in
966 1718 1028 1776 loca
1055 1717 1209 1794 scripturae
1229 1735 1273 1774 sa-

150 1817 230 1869 crae,
258 1819 332 1876 quae
368 1800 527 1878 plantarum
559 1803 665 1860 faciunt
693 1803 871 1862 mentionem.
925 1803 979 1860 Cui
1008 1803 1116 1860 accedit
1137 1803 1272 1879 praefatio

150 1882 309 1942 Salomonis
339 1883 490 1944 Plisteri
512 1888 656 1946 continens
681 1887 709 1949 b.
730 1889 851 1946 auctoris
871 1887 972 1960 vitam,
1005 1887 1104 1944 merita
1126 1893 1155 1944 et
1180 1886 1272 1946 libros.

150 1966 229 2042 Traj.
254 1969 291 2025 ad
312 1967 403 2031 Rhea.
426 1963 518 2032 1725.
547 1965 576 2030 4.
621 1974 711 2046 (Opus
734 1978 902 2046 posthumum
922 1976 1059 2046 copiosum
1073 1975 1194 2028 auctoris
1216 1977 1274 2028 the-

153 2045 234 2115 ologi,
248 2047 286 2100 rei
299 2047 435 2102 herbariae
450 2067 500 2104 non
514 2051 581 2104 bene
594 2053 687 2122 periti3
705 2053 809 2106 additur
817 2053 914 2106 Florae
926 2051 1112 2106 Palestinensis
1124 2053 1274 2120 specimen.)

109 2117 198 2176 Olaus
224 2119 364 2178 Celsius
385 2121 612 2182 hierobotanicon
643 2144 666 2188 0.
689 2127 725 2184 de
752 2125 856 2204 plantis
883 2127 914 2183 S.
935 2127 1096 2204 scripturae
1122 2126 1274 2182 dissertatt

151 2203 260 2266 breves.
272 2203 369 2264 Partes
381 2205 414 2263 ll.
441 2207 539 2284 Upsal.
565 2203 656 2267 1745.
677 2205 767 2270 1747.
779 2206 808 2270 8.
821 2243 863 2255 -
878 2207 947 2286 Nou.
960 2208 1127 2269 0101000001.
1142 2205 1234 2273 1748.
1245 2204 1274 2269 8.

137 2282 224 2348 (Plus
250 2301 325 2354 quum
348 2293 449 2370 centuni
474 2287 617 2343 dissertatt.
635 2289 761 2358 singulae,
780 2307 887 2374 quarum
910 2291 1007 2374 primas
1025 2289 1146 2343 editionis
1165 2291 1276 2374 ducenta

151 2361 251 2406 tantum
269 2355 386 2424 exempla
403 2371 529 2423 impressa
546 2365 620 2420 sunt;
645 2375 714 2412 nova
732 2359 812 2412 editio
831 2377 899 2412 nunc
917 2377 934 2414 a
952 2359 1153 2428 Mrddeldorpfio
1172 2360 1276 2412 Vratus·

152 2421 262 2475 laviensi
285 2423 372 2492 parari
390 2424 499 2486 dicitur;
525 2425 533 2476 i
555 2443 583 2477 00
605 2426 638 2478 0.
670 2427 701 2480 0.
720 2426 758 2480 rei
777 2427 916 2482 botanicne
934 2435 962 2484 01
979 2428 1100 2494 61611000,
1116 2428 1275 2498 linguarum·

152 2507 203 2559 qus
220 2491 392 2545 Orientalium
410 2493 476 2546 bens
494 2502 592 2564 peritus
610 2497 719 2562 auctor.)

108 2560 153 2619 Jo.
176 2562 311 2624 Gesner
330 2564 537 2643 phytographia
559 2585 646 2629 sacra.
680 2567 780 2644 Tiguri
803 2563 886 2628 1759
900 2563 1045 2629 -1773,
1070 2563 1100 2627 4.
1361 2639 1363 2658 Ι

110 2645 176 2704 Chr.
201 2647 280 2712 Frid.
302 2649 405 2727 Bang
428 2649 514 2730 (resp.
537 2650 629 2731 Casp.
649 2649 716 2714 Abr.
738 2647 846 2732 Borch)
875 2653 941 2712 diss.
968 2647 1006 2713 de
1036 2653 1140 2734 plantis
1164 2653 1277 2730 quibus-
1361 2663 1363 2732 ξ

152 2731 218 2789 dam
240 2752 335 2792 sacrae
356 2735 510 2796 botanicae.
553 2737 648 2799 Havn.
672 2731 764 2798 1767.
786 2731 815 2795 8.

110 2813 183 2874 Geo.
204 2817 292 2878 Henr.
315 2818 516 2880 Haebcrlin
542 2822 609 2880 diss.
631 2822 801 2899 theologica,
817 2821 845 2878 in
867 2839 924 2897 qua
945 2822 1082 2881 sententia
1107 2821 1144 2880 de
1161 2840 1278 2898 genera·
1362 2819 1363 2822 ’

153 2900 230 2958 11000
251 2901 419 2979 plantarum,
441 2923 458 2961 n
478 2906 679 2964 recentioribus
703 2907 871 2982 quibusdam
899 2906 1072 2985 philosophis
1098 2907 1278 2983 probabiliter
1343 2903 1363 2982 ᾖ

152 2989 269 3056 asserta,
302 3005 319 3044 0
355 2989 438 3045 sacris
467 2987 551 3046 literis
574 2990 647 3048 clare
681 2991 854 3060 ostenditur‚·
888 2991 987 3050 addita
1004 2996 1052 3050 est
1077 2992 1209 3050 tractatio
1242 2992 1278 3048 de
1362 3065 1363 3068 Ἴ

152 3069 333 3144 generatione
353 3071 517 3130 animalium.
560 3073 685 3150 Tubing.
708 3069 798 3133 1693.
822 3069 873 3135 l2.

108 3150 155 3213 Jc.
181 3152 279 3215 Joach.
299 3155 487 3216 Schneider
512 3154 600 3238 (resp.
622 3158 668 3216 lo.
692 3157 766 3217 Dan.
788 3157 947 3238 Schramm)
969 3158 1037 3224 diss.
1060 3159 1097 3217 de
1117 3158 1207 3216 hortis
1232 3176 1278 3217 vc·

152 3244 243 3296 terum
264 3239 465 3298 Hebraeorum.
507 3241 651 3319 Marburg.
675 3238 769 3304 1722.
786 3241 822 3311 4.

111 3321 224 3382 Tbeod.
255 3322 398 3384 Dassov
427 3326 504 3385 modi
535 3329 690 3388 seminandi
719 3329 829 3386 diversa
861 3327 967 3406 semina
986 3327 1182 3386 Hebraeorum
1203 3332 1279 3386 vete-

153 3427 224 3470 rum.
266 3409 358 3468 Viteb.
382 3403 473 3469 1695.
491 3407 520 3471 8.

112 3491 205 3570 Chph.
231 3491 419 3570 Clewberg
447 3491 533 3574 (resp.
559 3494 621 3556 Nic.
648 3494 771 3575 Svrartz)
803 3495 869 3558 dias.
897 3497 934 3555 de
960 3494 1042 3553 variis
1077 3497 1278 3553 frumentorum

154 3582 185 3634 01
205 3577 376 3721 legpminupr
396 3579 540 3658 speciebus
567 3582 596 3640 iu
617 3579 654 3641 V.
672 3581 709 3640 T.
730 3580 897 3639 memoratis.
952 3579 1025 3638 Cum
1048 3581 1098 3638 tab
1122 3599 1187 3638 000.
1218 3579 1279 3658 Up-

155 3659 204 3718 sal.
231 3657 322 3720 160.
370 3705 376 3719 .
1147 3673 1160 3686 ·“
1228 3721 1230 3724 .

113 3743 185 3803 Geo.
206 3745 310 3804 Horn
332 3745 517 3824 hierampelos
546 3749 576 3810 d.
597 3749 615 3812 i.
637 3749 749 3807 Berioht
768 3768 822 3807 von
842 3749 906 3808 deru
923 3748 951 3806 in
970 3749 1021 3807 der
1040 3747 1161 3826 heiligen
1177 3747 1280 3806 Schrilt

154 3827 229 3888 wohl
249 3829 408 3888 bekannten
433 3832 581 3896 Weinbau.
623 3833 836 3891 schmalkalden
856 3828 947 3891 1585.
970 3827 999 3890 4.

113 3913 176 3972 Jan.
209 3906 407 3973 Co'rnarius
437 3917 579 3993 theologia
616 3917 679 3976 vitis
711 3919 845 3976 viniferae
878 3917 939 3974 libri
975 3921 1050 3994 tres,
1091 3917 1137 3979 ed.
1174 3912 1279 3975 Abruh.

156 3999 320 4059 Schulne.
365 3999 538 4078 Heidelberg
554 3997 645 4065 1614.
668 3997 697 4060 8.
721 4007 812 4076 (Opus
836 4006 993 4074 posthum).

115 4082 220 4141 Sebald
244 4084 324 4144 Rau
357 4089 444 4163 (resp.
477 4087 601 4166 Heuvel)
636 4087 701 4144 diss.
732 4087 769 4144 de
793 4086 934 4146 vindemia
960 4093 990 4146 et
1016 4083 1203 4146 torcularibus
1234 4100 1280 4140 ve·

157 4173 247 4227 terum
273 4169 475 4234 Hebraeorum.
518 4165 775 4246 111100100111755,
798 4165 828 4230 4.

115 4252 254 4312 Β16110060
276 4254 434 4314 Weinlehre
455 4257 502 4314 fiir
522 4255 665 4332 gehdime
681 4257 739 4316 und
750 4255 972 4332 nicbtgeistliche
986 4254 1118 4316 Freunde
1129 4253 1180 4312 des
1190 4251 1281 4313 Tran-

158 4337 307 4396 bensaltes.
351 4339 447 4401 Vacba
475 4335 567 4402 1839.
588 4335 617 4398 8.
