2808 4872
537 875 611 970 Ia.
669 871 750 970 ΙΙ.
808 867 873 973 S.

115 1195 260 1308 Annus
280 1239 350 1324 Jam
375 1239 484 1329 agitur
508 1239 698 1331 vigesimus,
724 1257 767 1308 ex
792 1257 854 1328 quo
879 1235 995 1306 tabulis
1026 1239 1107 1306 meis
1132 1238 1283 1327 synopti-

116 1373 165 1440 eis
193 1371 362 1442 historiam
387 1372 601 1444 doctrinarum
626 1373 820 1444 mediocrum
845 1373 1125 1465 complectentibus
1149 1393 1284 1464 parvum

6 1527 8 1564 ¹
116 1512 249 1579 omnino
280 1516 314 1580 et
336 1529 481 1579 manorum
507 1508 662 1580 addetam
688 1511 871 1604 catalogum
895 1511 1052 1580 librorum
1084 1510 1215 1602 propris
1241 1507 1285 1578 ad

6 1663 7 1670 ¹
116 1627 286 1714 historiam
310 1644 487 1716 medicinae
510 1648 745 1738 pertinentium.
796 1647 876 1718 lnde
901 1667 1003 1737 nequa
1026 1649 1164 1737 tempori
1182 1667 1285 1737 neque

117 1783 276 1850 sumtibus
306 1783 456 1876 peperci,
488 1786 524 1852 ut
555 1785 733 1876 pleniorem
762 1788 798 1854 et
828 1786 1058 1854 accuratiorem
1090 1782 1286 1874 adipiscerer
1330 1849 1332 1853 ,

116 1920 335 2010 cognitionem
360 1918 515 2007 ejmmodi
538 1921 695 1992 librorum
722 1925 755 1990 et
781 1925 817 1991 ut
841 1920 968 2012 plenius
994 1919 1111 2010 aliquid
1144 1926 1177 1990 et
1202 1939 1284 1988 con·

116 2055 241 2143 sinnius
271 2055 401 2126 tradere
434 2077 563 2148 possem
596 2058 654 2150 iis,
694 2061 747 2150 qui
778 2057 860 2127 lnaec
891 2055 996 2126 studia
1027 2077 1092 2126 non
1124 2058 1225 2126 obiter
1252 2061 1286 2126 et

116 2191 351 2286 perfunctorie,
378 2191 436 2262 sed
463 2191 707 2284 profundiuset
725 2195 871 2264 subtilius
889 2198 1029 2262 tractme
1047 2193 1284 2264 consueverint.

223 2330 299 2400 Jam
332 2350 403 2400 cum
434 2332 466 2398 in
492 2349 533 2400 eo
562 2333 641 2424 sim,
674 2339 712 2402 ut
742 2331 859 2423 talem,
891 2330 1017 2420 qualem
1047 2329 1224 2399 meditabar
1252 2335 1285 2398 et

120 2469 228 2536 mente
253 2468 478 2560 concipiebam,
504 2407 639 2541 ssdicem
663 2468 729 2538 luci
754 2471 960 2558 committam,
985 2486 1157 2537 rereorne
1174 2467 1208 2534 in
1227 2467 1284 2535 vi·

116 2605 246 2694 inperia
263 2605 487 2738 magisxquam
508 2604 622 2674 laudes
646 2605 818 2674 incurram.
868 2604 954 2673 Nam
979 2602 1160 2673 redundare
1184 2603 1285 2672 multa

7 2787 9 2840 t
106 2741 228 2840 multis
254 2740 455 2833 videbuntur,
482 2739 597 2810 deesse
620 2762 685 2811 non
709 2759 823 2832 pauca.
875 2739 920 2809 iit
941 2761 1115 2832 quanquam
1127 2744 1284 2827 majorem

7 2869 9 2892 ⁸
117 2879 153 2948 in
176 2881 377 2948 accuratione
406 2898 499 2969 quam
527 2880 561 2946 in
591 2881 685 2970 copia
708 2877 853 2947 laborem
878 2877 1046 2969 collocavi,
1071 2873 1283 2969 nondulrito,

7 3005 8 3088 ᾗ
120 3019 194 3107 qrrin
220 3017 314 3084 etiam
340 3017 372 3084 in
397 3015 459 3085 hac
484 3034 583 3107 saepe
608 3014 726 3106 aliquid
752 3013 964 3085 desideretur.
997 3014 1089 3085 llaec
1114 3013 1284 3083 imbecilli·

7 3123 8 3186 7
119 3157 178 3222 tati
202 3151 396 3224 condonabis
419 3152 590 3246 humanae,
617 3153 749 3245 Lector,
776 3158 809 3221 ct
833 3153 990 3224 benevole
1019 3150 1215 3222 emendabis.

7 3269 8 3284 ἢ
100 3285 104 3290 ’
220 3291 333 3381 Neque
356 3295 462 3360 mmen
486 3291 598 3360 inutile
624 3288 744 3380 aliquid
770 3289 951 3381 suscepisse
974 3288 1052 3385 milri
1072 3287 1198 3380 videor,
1223 3305 1283 3356 neo

8 3509 9 3512 Ἴ
114 3433 157 3510 ut
179 3431 304 3498 inanem
328 3417 502 3520 gloriolam
530 3426 604 3496 inde
630 3429 811 3518 auspicatus
834 3425 939 3496 luisse
962 3443 1131 3517 arguerer.
1189 3422 1283 3494 Haec

120 3568 205 3634 enim
238 3568 359 3656 exigua
390 3567 518 3636 omnino
549 3567 611 3634 erit
640 3567 674 3632 in
706 3561 865 3652 ejusmodi
897 3582 1014 3656 opere,
1047 3560 1131 3652 quod
1149 3559 1282 3654 ingenii

8 3681 9 3688 ἵ
119 3722 242 3794 parum,
272 3700 466 3770 assiduitatis
490 3701 610 3791 aliquid
636 3704 788 3793 exegisse
812 3698 982 3792 videbitur,
1015 3703 1047 3770 et
1072 3697 1157 3789 quod
1181 3699 1283 3790 longe

119 3838 246 3930 plurimi
264 3839 357 3907 unius
375 3843 498 3908 untum
517 3837 656 3907 lineolae
680 3835 882 3928 quaerendae
900 3858 998 3907 causa
1012 3837 1175 3928 evolvent,
1188 3856 1282 3925 quam

119 3978 149 4045 si
181 3979 267 4044 recte
291 3979 493 4045 constitutam
508 3948 714 4068 invenerint,
748 3972 780 4042 id
805 3973 895 4045 flocci
923 3971 1059 4066 facient,
1091 3975 1141 4041 sin
1165 3971 1282 4042 falsam

8 4149 9 4196 3
120 4116 176 4181 aut
200 4114 419 4205 incongruam,
445 4115 592 4205 graviter
616 4113 850 4204 vituperabunt.
900 4111 946 4181 Ut
964 4131 1042 4180 vero
1062 4111 1096 4179 in
1114 4109 1281 4179 unnmlo-

120 4271 191 4322 cum
216 4248 347 4318 redacta
370 4249 526 4319 habeatur
551 4250 654 4320 omnis
679 4247 777 4337 hujus
801 4248 956 4318 historiae
971 4247 1151 4340 literatura,
1177 4245 1282 4316 utla-

120 4387 173 4457 crli
197 4387 328 4478 negotio
354 4387 492 4480 reperiri
516 4389 632 4481 possit,
658 4385 732 4478 qrrid
757 4382 798 4454 dc
822 4405 1008 4475 unaquaque
1032 4390 1164 4526 repam
1194 4384 1282 4454 scri.
