2766 4878
89 247 153 320 ιιι
326 241 330 248 ·
534 247 675 314 usum
699 250 818 332 aaa
905 247 916 288 ι

87 405 191 473 Jortiu.
226 403 365 466 Kerner
399 400 587 466 Nachrichten
619 423 676 466 ron
708 405 774 466 darn
800 401 990 466 Vorlrommen
1021 404 1073 466 des
1103 403 1261 465 Βοιω-

129 509 224 571 seyns,
250 492 326 552 eines
341 489 740 567 damonum-magnesianos
765 489 898 565 Maleus,
918 491 978 551 und
997 491 1090 550 seiner
1108 490 1196 550 achon
1217 489 1260 548 im
1380 567 1381 570 Ἴ

129 575 289 638 Alterthum
310 574 467 636 bekannten
488 573 613 652 Heilung
636 576 725 634 durch
751 575 1108 653 magisch-ruaguetisehes
1133 573 1259 634 Einwir·

130 661 194 724 keu.
237 659 459 719 Seudschreiben
483 679 521 720 an
541 661 597 720 den
626 659 915 722 Obermedicinalrath
941 661 1085 739 Sehelling
1103 661 1133 722 iu
1158 659 1258 719 Stutt-
1379 667 1381 720 l

129 751 202 826 gart
244 747 390 822 stuttgart
409 744 469 804 und
489 742 642 822 Augshurg
663 739 756 806 18116.
782 741 813 812 8.
1379 731 1381 746 ¹

88 831 165 894 Guil.
185 830 334 892 Toolrer
354 829 490 888 chethma
510 847 533 888 s.
558 830 663 889 donum
688 831 832 911 sanitatis,
857 849 880 890 s.
906 829 1055 910 explicatio
1079 827 1256 907 quaestionis
1379 817 1381 900 l

129 918 159 976 in
181 917 257 975 douo
278 915 395 974 sanandi
416 920 537 974 ahumss
559 933 694 976 wneesso
715 916 828 992 regibus
851 913 978 994 Anglioe.
1009 914 1103 974 Lond.
1115 908 1208 977 1597.
1222 907 1255 972 4.
1379 905 1381 994 1

131 996 222 1068 (Opus
238 993 369 1064 Theologi
385 1001 413 1048 et
430 993 611 1049 Ecclesiastici
627 993 655 1050 in
673 996 733 1050 aula
750 995 886 1052 Elisabeth
905 997 1012 1066 reginae
1030 995 1195 1065 huglorum.)
1379 997 1381 1062 f

87 1067 176 1132 Andr.
201 1068 425 1128 Laurentius
456 1067 555 1142 (Andr.
578 1067 748 1148 Dulaurens)
786 1071 823 1130 de
849 1071 964 1130 mirabili
990 1077 1110 1128 strumam
1133 1063 1257 1126 sanandi
1379 1139 1381 1146 Α

129 1155 157 1215 ri
180 1153 246 1214 solis
268 1152 375 1212 Galliae
395 1153 508 1230 regibus
530 1153 769 1214 Christianissimis
789 1155 921 1214 divinitus
942 1173 1074 1216 concessa
1092 1153 1162 1212 liber
1181 1170 1257 1212 nnus
1380 1209 1381 1214 ,

128 1245 160 1300 et
180 1240 218 1299 de
237 1243 403 1297 strumarum
423 1244 534 1315 natura,
559 1239 733 1314 differentiis,
755 1241 855 1316 musis,
876 1242 1029 1312 curatione,
1051 1257 1125 1316 quae
1143 1238 1178 1297 lit
1191 1242 1257 1296 arta

129 1330 160 1385 et
179 1325 315 1383 industria
333 1323 440 1382 medica
462 1323 509 1384 lib.
531 1323 610 1385 alter.
653 1325 741 1384 Paris.
770 1321 862 1384 1609.
887 1321 917 1384 8.
945 1357 986 1370 -
1006 1323 1103 1382 Reuss.
1124 1326 1153 1382 in
1178 1323 1255 1400 Opp.

133 1406 210 1475 (Cum
227 1405 286 1476 ipse
302 1409 425 1474 tanquam
443 1403 573 1458 archiater
593 1405 682 1474 regius
698 1406 725 1460 in
744 1406 817 1460 hisee
835 1405 985 1459 cereruuniis
1002 1411 1146 1474 occupatus
1164 1402 1257 1470 fuerit,
1380 1435 1381 1450 ι

131 1482 256 1530 aecumta
273 1490 320 1528 eas
337 1472 475 1540 describit3
495 1473 545 1526 vim
563 1473 647 1544 ipsam
664 1493 713 1545 pro
731 1475 819 1529 divina
837 1475 924 1544 gratia
936 1475 1015 1528 hahet
1025 1475 1177 1527 Clodovaeo
1189 1489 1257 1526 eon·
1379 1487 1381 1514 ι

132 1561 216 1609 osssa,
233 1542 372 1613 unicnique
390 1542 495 1596 Galliae
512 1543 569 1612 regi
587 1543 646 1598 dein
665 1563 766 1616 semper
782 1541 934 1610 inhaerens,
952 1561 1003 1596 non
1020 1559 1085 1597 vero
1103 1541 1256 1612 dynastiis.)

86 1617 114 1684 J.
149 1616 305 1676 Barbier
342 1616 382 1675 les
411 1613 580 1675 miraculeux
605 1616 687 1676 effeta
716 1619 753 1676 de
779 1618 807 1676 la
836 1617 933 1677 saerde
963 1615 1038 1674 main
1063 1617 1114 1674 ‹les
1135 1615 1192 1674 rois
1217 1615 1256 1674 de

91 1695 95 1701 ’
126 1701 237 1762 Franco
263 1721 337 1782 pour
363 1701 391 1759 la
420 1703 551 1778 guerison
580 1699 631 1760 des
654 1702 788 1762 maladies
816 1709 845 1763 et
869 1722 943 1783 pour
965 1701 993 1762 la
1015 1699 1180 1760 conversion
1202 1700 1256 1759 des

127 1787 295 1864 heretiques.
338 1783 421 1863 Lyou
443 1781 536 1849 1618.
565 1779 594 1846 8.

86 1872 132 1936 Jo.
156 1871 254 1935 Joach.
279 1871 480 1948 Zentgrat'f
501 1871 590 1950 (resp.
616 1871 687 1930 Geo.
712 1871 801 1933 Henr.
825 1869 917 1947 Petri)
947 1869 1021 1947 disp.
1043 1869 1080 1928 de
1104 1874 1183 1928 tactu
1208 1885 1255 1928 re·

128 1957 173 2032 gis
196 1955 342 2030 Franciae,
363 1975 421 2032 quo
442 1956 553 2013 strumis
571 1956 732 2015 laborantes
752 1955 942 2019 restituuntur.
975 1955 1068 2017 Viteb.
1091 1947 1183 2014 1667.
1205 1948 1255 2028 4.;

128 2041 195 2100 1616.
233 2035 323 2103 1669.
357 2037 405 2112 4.;
440 2040 507 2103 ibid.
544 2033 636 2106 1675,
660 2036 691 2100 4.
736 2046 864 2113 (Parrum
884 2045 932 2097 sed
952 2045 1050 2098 bonum
1072 2044 1255 2114 opuseulum.)

35 2135 37 2144 ’
85 2125 186 2186 Meta
210 2125 282 2203 disp.
310 2125 347 2184 de
374 2131 451 2184 tactu
478 2126 553 2202 regis
580 2127 608 2184 iu
635 2125 735 2184 morbo
760 2124 924 2185 scrofuloso.
972 2124 1135 2200 Virceburg.
1158 2119 1255 2188 1675.
1286 2181 1288 2186 ,
1378 2127 1381 2204 l

86 2211 162 2274 Will.
183 2209 321 2269 Becket
349 2207 458 2286 inquiry
486 2209 546 2268 into
573 2209 623 2270 the
651 2211 789 2290 untiquity
818 2211 853 2269 oi
874 2209 1010 2288 tonching
1034 2210 1079 2268 for
1100 2210 1149 2269 the
1170 2209 1255 2286 lainga
1380 2247 1381 2264 .

90 2339 94 2348 .
128 2295 190 2360 evil.
233 2293 327 2354 Lond.
352 2287 444 2352 1722.
466 2289 496 2353 8.
1379 2297 1381 2314 '

85 2381 154 2444 Sim.
176 2378 440 2526 Paul-ifflsihe‘
463 2379 529 2438 diss.
556 2379 594 2439 de
624 2397 691 2438 cura
715 2385 884 2438 strumarum
911 2383 1043 2438 contactu
1063 2376 1143 2456 regio
1168 2375 1255 2442 iacta.
1379 2433 1380 2440 ,

126 2465 214 2524 ienae
323 2510 331 2526 .
376 2507 384 2522 .
1210 2481 1211 2486 ¹
1379 2483 1380 2534 ι

86 2545 135 2624 (L.
156 2550 350 2624 Choulant)
377 2549 431 2609 Die
451 2548 576 2626 Heilung
596 2549 647 2608 der
668 2545 796 2608 Scrofeln
818 2547 907 2607 durch
925 2545 1123 2624 Kdnigshaud.
1166 2544 1256 2606 Dr&
1379 2563 1380 2582 ³

128 2636 184 2696 den
215 2629 305 2697 1833.
333 2629 364 2695 4.
399 2638 456 2708 (Ad
483 2639 680 2694 Scandinaviae
699 2637 804 2691 veteris
824 2637 894 2690 ritus
914 2637 1054 2690 reducitur
1073 2652 1138 2689 usus
1159 2651 1257 2704 regum
1379 2647 1380 2654 ’

127 2714 238 2786 anguis
252 2721 281 2771 et
299 2714 403 2770 Galliae
419 2717 578 2773 scroiulosos
595 2724 623 2772 ot
641 2724 783 2772 strumosos
805 2721 920 2770 tumores
937 2731 985 2786 per
1001 2719 1100 2767 tactum
1117 2712 1256 2782 sanandi.)
1378 2719 1380 2784 t

180 2889 218 2974 t'·
268 2889 588 2996 Astrolouiu
618 2895 676 2974 et
699 2884 1155 2974 rhabdonaunttu.

84 3023 220 3086 Laureut.
244 3023 414 3104 Phrysius
434 3027 521 3086 laurae
542 3027 703 3088 Schirnrred
728 3029 779 3087 der
799 3027 895 3086 Kunst
914 3023 1076 3102 Astrologie
1091 3025 1181 3085 wider
1200 3043 1257 3084 uu·
1378 3057 1379 3060 ¹

126 3110 307 3187 verstiindige
322 3111 437 3170 Richter
454 3113 514 3170 und
528 3109 659 3172 Antwort
671 3114 725 3172 aus
731 3113 777 3172 die
792 3110 925 3172 Aureden
939 3111 998 3170 und
1009 3110 1121 3186 Fragen
1132 3109 1257 3170 Luthers

128 3214 161 3254 so
185 3214 216 3254 er
236 3196 400 3254 unlbrmlich
419 3197 505 3255 wider
525 3197 603 3256 diese
616 3199 710 3256 Kunst
729 3198 834 3274 gethan
847 3196 905 3256 hat.
949 3195 1103 3274 strasburg
1119 3191 1210 3256 1520.
1222 3189 1256 3253 4.
1377 3235 1379 3246 .

84 3279 131 3343 Jo.
159 3277 261 3344 Ludw.
282 3281 312 3340 H
319 3299 385 3340 ann
394 3301 489 3342 ernau
510 3282 735 3361 Vertheidigung
754 3285 805 3342 der
820 3279 981 3358 Astrologie
994 3316 1031 3325 —
1045 3281 1112 3340 dass
1124 3281 1171 3339 die
1185 3279 1256 3338 eht-
1377 3263 1379 3294 ⁴

126 3365 263 3424 romantie
284 3366 343 3424 und
371 3366 582 3446 Metoposeopie
602 3387 653 3427 aus
679 3371 730 3427 der
753 3365 848 3426 Natur
872 3368 985 3426 kinuen
1008 3366 1162 3444 behouptet
1182 3383 1257 3424 ucr-

126 3451 192 3515 tlen.
235 3448 496 3528 Hamburg1699.
518 3449 548 3517 4.
582 3457 819 3527 (continuationes
838 3455 915 3526 duas,
937 3455 1049 3526 primam
1064 3456 1159 3509 eodem
1173 3471 1257 3525 mmo,

128 3531 235 3585 alteram
253 3531 336 3585 serius
354 3531 451 3600 dedit.)

85 3605 185 3666 Claud.
208 3603 407 3664 Salmasius
424 3607 588 3682 (Saumaise)
610 3607 647 3664 de
668 3606 747 3665 anuis
767 3603 956 3665 climactericis
973 3610 1004 3664 et
1023 3603 1140 3681 antiqua
1160 3607 1258 3662 astro·

127 3688 205 3765 logia
225 3688 370 3750 diatribae.
411 3688 508 3767 Lugd.
530 3692 594 3754 But.
617 3686 709 3752 1648.
731 3686 761 3750 8.
792 3694 916 3762 (Vastum
936 3711 1004 3764 opus
1026 3693 1134 3764 plenum
1160 3692 1255 3748 variae

129 3768 297 3834 eruditionis3
320 3769 359 3822 ita
381 3771 472 3824 Heller
492 3771 553 3828 bibl.
576 3772 643 3828 med.
668 3779 754 3843 praet.
779 3771 815 3828 11.
834 3771 902 3838 5753
933 3787 1016 3824 annus
1040 3767 1164 3824 editionis
1185 3769 1255 3825 1678

127 3837 165 3894 161
181 3837 309 3891 indicatus
332 3839 501 3908 corrigendus
526 3839 642 3910 videtur,
668 3859 724 3894 cum
748 3839 778 3896 S.
800 3842 853 3910 iarn
871 3857 913 3896 ao.
933 3839 1000 3893 1653
1018 3839 1085 3892 diem
1102 3855 1252 3910 supremum
1377 3877 1378 3880 =

129 3907 233 3973 obierit,
251 3923 335 3976 neque
352 3908 403 3962 hoo
421 3927 486 3979 opus
503 3907 571 3963 inter
589 3911 646 3980 ejus
663 3910 799 3980 posthuma
817 3908 945 3963 numerari
963 3908 1069 3977 soleat.)

82 3972 129 4042 io.
151 3981 290 4041 Bernhart
311 3981 491 4061 Quistorp
519 4003 614 4062 progr.
644 3984 673 4042 in
700 4003 758 4060 quo
781 3984 877 4062 paucis
903 3983 1019 4060 exponit
1039 3988 1165 4041 veterum
1190 3978 1254 4060 plri-

127 4067 584 4212 losopholrrprpget4ashologorum
609 4069 645 4128 de
666 4069 746 4128 annis
768 4068 954 4128 climactericis
980 4067 1148 4147 opinionem.
1192 4065 1254 4126 Ro·

85 4152 251 4314 Joltllliph.
286 4197 477 4299 v.⁶A·retiu
517 4239 651 4315 Beitrige
689 4255 741 4297 aur
771 4237 972 4298 litterarischeu
1003 4234 1171 4297 Geschichte
1203 4233 1255 4297 det

127 4319 367 4385 Wirnschelruthe.
410 4321 552 4384 Mrinchen
577 4319 669 4388 1807.
685 4319 716 4382 4.
742 4329 814 4398 (Cfr.
828 4326 926 4382 Pieres
946 4326 1061 4396 Allgern.
1080 4323 1178 4380 medic.
1198 4323 1252 4380 An·

128 4399 180 4459 nal.
202 4399 275 4457 1808.
293 4401 392 4460 8189
410 4405 465 4475 sq.)

1375 4381 1377 4422 1

1375 4425 1377 4460 Ι

1368 4771 1377 4813 1
