2788 4884
130 279 195 347 210
573 283 714 346 Medicina
734 283 853 366 publica.

175 433 306 516 curiones
323 433 490 502 d'aats'puitd.
508 433 595 502 Lugd.
614 433 691 490 1683.
708 433 736 488 4.
755 435 818 490 diss.
837 431 963 498 XXVII,
979 449 1009 553 p
1017 431 1079 494 419,
1095 432 1168 498 451,
1186 436 1214 485 et
1225 431 1313 486 Meu-

175 503 216 554 du
233 510 379 555 oratronem
403 504 604 558 Durocortorum.
629 503 713 556 Lond.
732 503 808 559 1724.
826 502 850 556 8.
873 503 961 570 bugd.
1004 544 1011 557 .
1030 501 1105 556 1725.
1123 501 1163 570 8.)

131 571 165 634 P.
187 573 233 632 W.
255 573 298 652 M,
321 575 357 638 D.
383 576 498 650 (Perrot
525 575 669 649 Williams‚
694 577 773 639 Med.
795 576 896 654 noct.)
918 581 1005 634 notae
1028 575 1127 634 breves
1148 576 1176 632 in
1198 574 1313 632 disser-

175 659 308 716 tationem
331 680 421 738 nuper
442 662 546 720 editam
573 661 610 719 de
630 662 802 721 medicorum
822 662 900 740 apud
924 668 1032 718 veteres
1060 660 1207 718 Romanos
1235 679 1312 717 con-

174 744 288 802 ditione.
309 743 402 808 Lond.
427 740 516 804 1726.
540 740 568 804 8

63 863 67 875 «
130 828 289 906 Responsio
311 831 348 887 ad
373 829 550 887 lliddletonii
572 830 610 888 de
625 830 757 888 medicor.
779 830 857 906 apud
868 834 954 887 veter
969 827 1113 886 Romanos
1128 827 1311 898 conditione,

174 932 230 988 qua
251 914 379 971 servilem
403 923 433 970 et
452 914 604 990 ignobilem
633 933 696 972 eam
719 915 806 972 fuisse
834 915 988 972 contendit
1024 911 1117 970 Loud
1150 905 1310 974 172118

131 995 342 1056 Animadversio
372 998 495 1055 brevis'
488 1019 516 1056 ιιι
546 999 612 1060 diss
646 1017 735 1076 nuper
763 1000 867 1056 editam
902 1000 939 1056 de
968 999 1099 1058 medicor.
1132 997 1209 1075 apud
1248 1002 1310 1054 vet.
1377 987 1380 1000 '

171 1081 254 1140 Rom.
275 1082 444 1140 conditione.
479 1082 574 1144 Lond.
599 1078 691 1144 1726.
713 1079 744 1144 8.

131 1167 258 1242 Conyers
286 1165 496 1224 Middleton
517 1169 719 1225 dissertationis
744 1167 781 1224 de
803 1167 974 1223 medicorum
998 1165 1107 1223 Romae
1136 1163 1311 1238 degentium

125 1327 126 1330 Ἴ
172 1249 333 1308 conditione
358 1251 473 1324 ignobili
507 1255 536 1308 et
570 1253 661 1309 servili
688 1259 785 1310 contra
811 1270 969 1327 anonymos
997 1251 1135 1324 quosdam
1168 1253 1310 1305 notarum

171 1333 306 1407 brevium,
331 1335 520 1412 responsionis
542 1341 627 1411 atque
649 1336 896 1394 animadversionis
918 1340 1046 1392 auctores
1071 1333 1207 1390 defensio.
1232 1332 1308 1389 Pars

172 1419 268 1512 prima.
295 1418 456 1496 Cantabrig.
480 1414 570 1484 1727.
591 1417 621 1484 4.
644 1425 698 1492 (Αιι
718 1443 783 1495 pars
805 1424 893 1476 altera
922 1441 1037 1492 unquam
1061 1421 1199 1492 prodierit
1220 1421 1309 1473 dubi-

108 1501 528 1662 ι1118111117171ιεεειιιιῑοιιῑε
546 1571 724 1630 Middletouii
745 1573 782 1630 de
806 1572 977 1629 medicorum
997 1571 1106 1629 Romae
1134 1569 1308 1646 degentium
1379 1603 1380 1638 ;

172 1656 330 1714 conditione
361 1657 478 1730 ignobili
512 1663 541 1714 et
572 1655 663 1713 servili
696 1657 823 1714 defensio
856 1658 1021 1716 examinata.
1075 1653 1169 1716 Lond.
1202 1648 1306 1714 1728.

172 1739 285 1799 (Auctor
301 1743 359 1788 erat
382 1735 455 1793 Proi.
480 1736 623 1789 rhetorices
640 1737 667 1788 in
685 1737 793 1803 collegio
812 1737 956 1801 Greslram3
981 1754 1014 1787 an
1033 1753 1095 1788 vere
1113 1735 1199 1787 editus
1216 1734 1306 1787 fuerit
1379 1775 1380 1794 1

172 1804 245 1870 liber,
264 1805 367 1856 dubium
386 1815 435 1869 est,
453 1806 532 1858 sicuti
549 1805 592 1860 Jo.
614 1806 676 1859 Chr.
695 1806 783 1857 Woltii
802 1806 894 1857 medici
912 1804 1075 1858 Dubenensis
1088 1803 1169 1856 simile
1183 1820 1304 1873 opusou-
1378 1809 1380 1844 1

171 1873 221 1926 lum
240 1873 312 1943 prelo
330 1884 448 1942 paratum
465 1891 595 1943 nunquam
614 1891 735 1927 excusum
753 1893 811 1926 esse
828 1874 952 1941 videtur.)
1379 1877 1380 1892 ³

129 1946 193 2004 Car.
216 1944 385 2003 Lamotte
406 1967 442 2003 an
468 1967 550 2023 essay
572 1967 648 2024 upon
676 1948 724 2004 the
752 1954 825 2004 state
850 1954 879 2003 et
906 1947 1049 2004 condition
1078 1946 1112 2002 of
1134 1943 1303 2020 Physicians
1378 1947 1380 2014 5

169 2049 275 2105 among
294 2030 343 2088 the
364 2033 497 2104 ancients,
522 2033 688 2089 occasioned
714 2032 752 2108 by
777 2032 871 2088 alate
890 2032 1068 2090 dissertation
1093 2031 1127 2086 of
1144 2027 1182 2086 D.
1200 2029 1302 2086 Midd-
1378 2027 1380 2100 1

169 2113 256 2184 leton,
278 2115 416 2191 asserting
438 2117 500 2173 that
526 2116 645 2192 Physicis
666 2135 724 2173 was
747 2116 845 2174 servile
861 2121 890 2173 et
912 2114 1109 2173 dishonorable
1126 2131 1234 2188 among
1250 2113 1302 2170 the
1378 2101 1380 2194 1

170 2199 218 2259 old
243 2199 385 2275 Romans,
413 2207 442 2258 et
470 2201 535 2278 only
563 2202 666 2278 practis
653 2198 695 2257 s'd
728 2201 764 2277 by
791 2200 882 2258 slaves
903 2209 933 2258 et
959 2201 1009 2258 the
1038 2205 1163 2256 meauest
1189 2201 1225 2256 of
1248 2197 1300 2255 the

169 2283 279 2362 people.
301 2283 394 2344 Lond.
416 2280 507 2345 1728.
530 2281 558 2347 8.
582 2289 733 2357 (Theologi
752 2305 819 2358 opus
838 2289 972 2341 eruditum
992 2297 1021 2340 et
1040 2286 1195 2352 irenicum.)

168 2471 257 2526 vitute
278 2469 419 2540 liberatur,
442 2489 505 2528 nam
530 2478 642 2546 praeter
668 2471 727 2546 ejus
756 2472 900 2546 originem,
920 2489 1117 2548 progressum,
1148 2473 1297 2546 praestan-
1377 2447 1379 2476 ⁴

167 2555 244 2626 tiam,
266 2554 470 2626 necessitatem,
489 2573 579 2632 usum,
604 2557 736 2633 praemia,
758 2556 878 2613 honores
901 2563 987 2631 atque
1013 2553 1158 2632 privilegia
1179 2552 1295 2609 medicis
1376 2573 1378 2596 a

168 2655 300 2696 concessa
324 2639 488 2713 inquiritur,
517 2657 553 2697 an
574 2642 710 2699 medicina
731 2641 884 2715 antiquitus
903 2641 985 2698 suerit
1009 2639 1132 2697 studium
1162 2636 1296 2694 illiberale
1375 2665 1377 2704 ι

167 2724 310 2798 servisque
332 2729 441 2780 tantum
466 2725 620 2800 proprium.
663 2724 787 2798 Traiecti
808 2727 844 2781 ad
870 2724 924 2782 Rh.
948 2718 1039 2784 1730.
1064 2719 1094 2782 8.
1133 2733 1294 2802 (Praecipue
1375 2779 1376 2786 ,

1376 2609 1378 2664 Ι

168 2805 232 2856 tacit
250 2804 283 2855 ed
303 2803 373 2855 litem
391 2806 424 2855 de
441 2805 546 2856 medicis
565 2805 690 2857 Romanis
708 2805 800 2866 servis,
819 2805 865 2856 sed
884 2805 963 2856 multa
987 2805 1039 2857 alia
1065 2803 1227 2856 collectanea
1244 2803 1293 2854 ba·
1373 2839 1376 2896 ι

167 2871 213 2924 bat
231 2872 265 2925 ad
284 2873 374 2927 histor.
392 2873 484 2924 medie.
502 2873 529 2924 in
548 2874 709 2938 universum3
729 2882 821 2926 auctor
836 2873 893 2942 ipse
910 2872 1046 2940 medicus.)
1372 2915 1375 3010 J

124 2959 218 3020 Pieter
240 2961 284 3018 du
304 2960 368 3018 Pui
389 2961 677 3038 vermaaletykheden
705 2969 818 3020 outrent
840 2964 877 3019 de
901 2962 1026 3038 vryheyd
1055 2962 1107 3019 der
1133 2960 1291 3038 heelkonst,
1372 3011 1374 3038 2

168 3045 262 3120 zynde
290 3045 339 3102 het
367 3047 484 3117 oudste,
517 3048 654 3122 nuttigste
685 3067 721 3105 en
752 3046 989 3124 noodzalrelykste
1011 3045 1073 3102 deel
1101 3047 1152 3104 der
1173 3064 1292 3120 geuees-
1372 3045 1374 3068 ⁴

166 3129 262 3201 konst,
284 3130 417 3204 geoefaut
438 3131 476 3205 by
496 3130 704 3209 Hebraeuwen,
726 3132 938 3209 Egyptenaars,
964 3131 1085 3188 Grieken
1110 3149 1145 3188 en
1167 3129 1291 3206 Romey-
1372 3157 1373 3206 1

167 3232 230 3272 neu.
273 3215 318 3289 By
334 3214 422 3271 welle
445 3215 609 3291 Romeyuen
634 3236 688 3274 van
716 3236 789 3274 onze
807 3218 880 3293 zyde
902 3218 929 3274 in
955 3215 1135 3290 overweg'ng
1152 3233 1290 3288 genomen
1370 3211 1373 3296 1

166 3299 272 3356 wordt:
297 3299 341 3355 Os
359 3299 396 3356 de
417 3299 565 3357 heelkonst
588 3321 662 3358 meet
683 3303 739 3358 dan
771 3303 808 3360 de
832 3299 1043 3378 geneeskonst‘l
1070 3299 1114 3356 Of
1135 3300 1205 3356 deae
1232 3299 1289 3358 niet
1370 3299 1372 3350 ἶ

168 3402 203 3440 eu
228 3383 348 3457 geneal
376 3383 553 3460 gernenelyks
579 3385 607 3442 in
635 3386 893 3444 Slaaveu-handen
915 3390 1037 3462 geueest
1066 3382 1112 3440 is?
1144 3382 1227 3459 gelylr
1250 3402 1288 3440 uu
1370 3381 1371 3428 ἶ

169 3466 287 3542 onlangs
313 3467 351 3530 D.
373 3469 446 3525 Vink
470 3469 498 3524 in
519 3487 591 3545 zyue
615 3467 807 3530 Amoenitates
833 3469 1141 3549 philologico-medicae
1161 3469 1198 3524 de
1213 3466 1288 3525 beel-

169 3552 255 3608 koust
276 3571 311 3609 en
333 3552 456 3609 desselvs
478 3554 624 3610 oefenaars
648 3554 697 3613 het
722 3573 931 3630 aaugewreven‚
953 3575 1007 3611 van
1034 3552 1121 3611 welle
1142 3551 1230 3608 blaam
1251 3553 1287 3610 de
1367 3569 1370 3596 ι

169 3635 315 3692 heelkoust
334 3644 486 3712 gezuyvert
505 3655 538 3694 eu
557 3639 706 3714 verdedigt
721 3649 800 3699 wort.
843 3637 941 3714 Leyde
962 3634 1054 3700 1733.
1070 3633 1099 3696 8.
1126 3636 1195 3716 (Pro
1217 3641 1286 3692 chir-

170 3714 243 3783 urgio
265 3723 356 3768 eontra
374 3717 509 3780 Vinkium3
536 3719 584 3770 eir.
607 3717 698 3772 Haller
716 3719 775 3774 bibl.
795 3719 857 3772 ebir
879 3719 914 3773 ΙΙ.
934 3719 1008 3786 154.)

128 3801 173 3864 Jo
194 3804 282 3866 Henr
309 3805 466 3862 Schulze
493 3801 580 3884 (resp
605 3807 683 3869 Hier.
716 3808 870 3886 Bemigau)
900 3807 1026 3866 excursio
1050 3806 1079 3864 ἰιι
1109 3804 1284 3880 antiquitates

171 3889 209 3945 ad
230 3888 300 3946 servi
325 3890 425 3946 medici
448 3893 524 3968 apud
550 3893 673 3950 Graecos
692 3901 720 3951 et
744 3893 887 3951 Romanos
916 3893 1103 3950 conditionem
1128 3891 1282 3954 eruendam.

171 3972 235 4030 Hal.
259 3967 349 4035 1733.
371 3968 402 4035 4.
424 3979 514 4050 (Opus
539 3982 646 4034 doctum
665 3981 748 4034 multa
770 3983 803 4034 de
826 3981 913 4035 servis
934 3981 1090 4034 Romanis
1082 3999 1111 4032 m
1134 3979 1282 4032 universnm

170 4053 322 4117 continens)

125 4141 181 4200 Jul.
210 4143 274 4200 Car.
303 4141 498 4220 Schlaeger
518 4145 633 4202 historia
659 4145 714 4203 litis
741 4147 777 4204 de
801 4147 972 4204 medicorum
996 4143 1073 4220 apud
1098 4147 1205 4202 veteres
1224 4142 1281 4200 Ro·

170 4247 270 4286 manos
296 4229 457 4303 degentium
487 4231 654 4291 conditione.
698 4231 855 4288 Helmstad.
884 4225 975 4288 1740.
1003 4225 1223 4290 4.-Rec1u.
1252 4247 1279 4286 ro

169 4310 216 4371 Jo.
242 4313 308 4370 Chr.
330 4313 386 4373 Gli
410 4311 584 4373 Aclrermauu
605 4333 717 4392 opuscc.
740 4317 778 4372 ad
798 4317 950 4373 medicinae
973 4313 1115 4372 historiam
1144 4313 1278 4390 pertiuen-

168 4397 217 4456 tis.
240 4395 369 4461 Norimb.
394 4391 486 4458 1797.
507 4395 536 4462 8.
559 4419 625 4478 pag.
646 4394 761 4458 293-
773 4393 845 4462 342.
871 4413 1015 4475 (deaurata
1040 4415 1068 4464 et
1090 4409 1162 4462 utilis
1186 4409 1277 4478 disqui-

36 4520 125 4548 Α.
