2766 4878
541 251 663 318 Scholae
683 259 714 315 et
733 253 847 337 oppida
1236 259 1278 326 81

447 445 464 474 0
541 405 606 462 Π·
646 405 847 467 ymnos

31 567 34 574 .
103 488 208 552 Frano.
230 490 408 554 Bernardi
432 499 579 572 prospetto
601 494 696 554 critico
718 495 782 553 dell’
810 492 929 572 origine,
950 493 1069 574 facolti,
1089 496 1191 559 divad
1211 507 1277 566 atati

14 643 16 660 „
148 579 300 638 evioende
318 579 365 638 del
382 579 510 656 Collegio
523 579 803 656 medico-chirurgico
818 579 848 638 di
858 579 992 644 veneta
1017 579 1122 642 Venae.
1144 580 1277 656 17014,

14 665 16 674 ’
105 660 265 722 Domenico
286 664 482 724 Benedetti
503 663 651 723 illustrium
677 666 800 723 virorum
822 665 962 744 synopsis,
987 666 1036 741 qui
1060 667 1097 726 de
1116 687 1197 730 sacro
1219 693 1278 734 rue-

14 769 15 772 *
151 749 279 807 diuorum
312 750 499 830 ,physicorum
539 749 647 810 Veneto
681 749 810 828 Collegio
841 751 995 810 extiterunt
1028 755 1059 811 et
1087 753 1117 814 in
1144 775 1279 836 praesens

114 834 283 898 .exiatunt.
333 835 434 898 Venet.
457 828 549 896 1753.
574 829 606 894 4.

544 967 609 1024 1¹.
648 965 845 1040 Pampefl·

14 1039 16 1098 l
105 1047 182 1116 Lud.
210 1052 400 1114 Choulant
423 1073 519 1134 progr.
551 1057 589 1116 de
616 1055 684 1116 locis
714 1054 893 1136 Pompeianis
928 1053 967 1113 ud
996 1073 1055 1115 rem
1076 1059 1212 1124 medicam
1236 1065 1280 1126 fa·

148 1137 296 1202 cientibus.
339 1139 410 1198 Cum
431 1140 528 1199 tabula
548 1141 760 1220 lithograpbica.
816 1139 895 1219 Lips.
922 1134 1013 1200 1813.
1039 1136 1069 1205 4.
1106 1149 1185 1218 (Cum
1211 1154 1279 1208 dali-

150 1219 273 1273 ueetione
297 1221 487 1292 topograpbica
504 1221 687 1294 Pompajorum
713 1230 741 1276 et
763 1220 921 1276 indicatione
938 1221 1063 1290 locorum,
1079 1223 1107 1279 in
1124 1230 1219 1298 quibus
1235 1250 1279 1290 res

150 1289 269 1342 medicae
286 1290 407 1343 detectae
424 1292 510 1361 suut)

14 1381 16 1396 ¹
106 1357 188 1420 hlbr.
210 1381 237 1420 v.
265 1364 485 1440 Schdnberg
511 1363 582 1422 inber
614 1364 695 1424 einen
720 1382 812 1423 neuen
840 1363 1106 1426 natnrbistoriscben
1137 1368 1221 1431 and
1248 1375 1278 1434 in

150 1445 287 1527 Pompeii.
330 1446 485 1525 Nirrnberg
508 1443 599 1509 1827.

106 1562 151 1578 -
175 1565 219 1577 —-
242 1532 337 1593 Ueber
358 1533 449 1610 einige
472 1535 501 1592 in
522 1531 650 1612 Pompeii
674 1531 836 1609 gesundene
862 1529 1002 1592 Knoohen
1025 1535 1086 1593 und
1115 1537 1176 1600 ihre
1200 1538 1279 1603 Am.

147 1615 217 1696 lyae.
260 1617 403 1696 Erlungcn
425 1612 520 1681 1828.
540 1613 572 1681 4.
600 1623 715 1692 (Auctor
735 1620 857 1692 Neapoli
885 1621 988 1675 diutius
1010 1623 1105 1694 vixit.)

420 1750 486 1809 18.
520 1752 689 1810 linteata
704 1751 969 1807 renatorum.

108 1853 197 1920 Gabr.
217 1852 416 1916 Nandaeus
447 1855 580 1938 (Nande)
613 1859 650 1916 de
676 1856 843 1932 antiquitate
867 1862 897 1915 et
927 1855 1065 1932 dignitate
1083 1858 1197 1922 scholae
1219 1884 1279 1926 me·

150 1942 234 2000 dicae
254 1941 424 2004 Parisiensis.
478 1942 566 2001 Paris.
600 1937 691 2000 1628.
720 1936 750 2000 8.
782 1945 893 2013 (Oratio
919 1943 1086 2014 inauguralis
1116 1953 1279 2010 eruditionis

150 2022 230 2092 plena
254 2023 288 2076 ad
312 2023 446 2078 historiam
471 2024 577 2079 scholae
602 2022 719 2076 medicae
743 2021 898 2075 Parisiensis
916 2023 1031 2142 apprime
1049 2025 1133 2092 utilis3
1150 2025 1279 2088 accedunt

151 2092 295 2156 orationes,
316 2093 401 2162 elogio
419 2101 447 2147 at
465 2093 622 2164 epitaphium
641 2091 779 2164 Opizonis,
797 2089 930 2144 Archiatri
975 2093 1080 2148 udovici
1098 2096 1156 2166 Vl.)

111 2161 224 2224 liobert
244 2163 346 2224 Patin
373 2167 410 2226 de
436 2168 602 2244 antiquitate
624 2172 653 2224 et
680 2165 818 2241 dignitate
848 2163 960 2222 scholae
990 2167 1116 2228 medicae
1142 2169 1280 2236 Parisien·

150 2247 190 2307 sis
213 2255 243 2307 et
275 2249 471 2310 illustrioribus
495 2253 543 2327 qui
572 2251 601 2309 in
632 2262 666 2307 ea
694 2251 817 2308 claruere
842 2249 963 2307 medicis.
1018 2251 1104 2317 Paris.
1134 2251 1225 2317 1603.
1248 2255 1278 2325 8.

151 2329 261 2398 (Orau‘o
279 2331 400 2398 solennis,
416 2333 469 2402 jam
487 2349 555 2386 auno
575 2329 758 2395 lutulenta,
777 2330 903 2400 quaedam
921 2329 1055 2386 continens
1073 2333 1107 2388 da
1124 2337 1280 2409 antiquiori.

151 2399 202 2452 bus
224 2401 417 2470 professoribus
441 2400 646 2466 Puriaiensibus3
670 2407 765 2453 auctor
788 2406 829 2453 est
844 2399 913 2452 filius
931 2399 1061 2455 Guidonls
1077 2403 1181 2460 Putinti.
1219 2407 1279 2464 Ex-

150 2467 230 2539 plioit
246 2485 307 2538 pag.
325 2469 385 2536 31,
402 2478 548 2540 sequuntur
565 2467 699 2523 orationes
720 2468 820 2538 aliquot
837 2467 1029 2538 inauguralas.)

108 2539 152 2600 lo.
175 2541 263 2619 Bapt.
284 2542 388 2620 Dogc
408 2539 520 2628 (Doye)
549 2543 618 2601 ritus
645 2550 675 2602 et
707 2542 859 2618 insigniora
890 2541 1059 2602 medicantur
1084 2543 1279 2610 Parisiensium

150 2626 258 2684 ordinis
279 2627 401 2687 decreta.
444 2628 531 2690 Paris.
555 2621 645 2690 1710.
673 2622 721 2686 12.

108 2709 269 2788 Hyacinthe
290 2712 403 2778 Theod.
427 2715 547 2773 Baron
569 2713 649 2786 ritus,
675 2731 741 2770 usus
765 2715 796 2770 et
825 2708 978 2768 laudabiles
1010 2710 1163 2773 Facultatis
1190 2717 1281 2776 medi-

150 2814 204 2854 cac
226 2795 388 2856 Parisiensis
408 2798 636 2859 consuetudines.
691 2796 768 2855 Paris
792 2790 885 2857 1751.
911 2790 961 2857 12.
983 2794 1041 2856 Ed
1066 2800 1171 2860 attero:
1192 2801 1279 2863 Paris.

117 2933 119 2938 .
151 2874 245 2940 1753.
274 2876 323 2945 12.
350 2879 478 2958 (Statuta
499 2882 566 2964 etc.)
593 2915 636 2926 -
658 2881 785 2958 Ejnod.
805 2880 1012 2959 compendiaria
1031 2885 1203 2945 medicorum
1225 2887 1281 2948 Pa-

150 2965 307 3024 riaiensium
336 2967 452 3044 notitia,
485 2969 543 3027 sive
568 2967 704 3026 clarorum
729 2967 867 3038 virorum,
890 2965 939 3040 qui
967 2986 984 3026 a
1008 2970 1120 3028 saeculo
1142 2972 1219 3035 xlv.
1241 2975 1280 3034 ad
1338 3007 1340 3012 ·

150 3049 227 3110 hunc
249 3070 340 3128 usque
361 3053 435 3112 diem
461 3054 490 3112 in
511 3052 658 3112 Facultate
685 3052 838 3110 medicinae
863 3048 1010 3110 Parisiensi
1033 3054 1078 3113 vel
1112 3057 1280 3119 decanatum

150 3144 310 3212 gesserunt,
331 3137 376 3196 vel
398 3137 636 3212 baccalaureatus‚
662 3137 818 3196 licentiatus
844 3141 894 3193 aut
920 3135 1083 3198 doctoratus
1094 3143 1213 3217 gradum
1227 3145 1281 3203 oh·

150 3221 304 3296 tinnierunt,
326 3221 523 3298 chronologica
548 3222 642 3284 series.
706 3221 791 3280 Paris.
829 3214 922 3282 1752.
947 3215 978 3279 4.
999 3221 1085 3282 Paris.
1113 3221 1204 3288 1753.
1227 3224 1279 3294 12.

152 3300 264 3390 (Vitae)
289 3339 337 3352 -
367 3307 492 3382 Ejusd.
524 3307 719 3384 quaestionum
755 3305 924 3364 medicorum
959 3307 1044 3364 series
1070 3307 1279 3388 chronologica.

150 3389 238 3449 Paris.
262 3385 356 3453 1752.
383 3387 413 3456 4.
445 3391 532 3455 Paris.
557 3387 648 3452 1753.
670 3386 720 3450 12.
746 3395 888 3462 (Thasium
914 3393 1110 3462 inauguralium
1144 3401 1179 3452 ab
1209 3419 1279 3456 anuo

152 3469 221 3526 tatu
239 3488 321 3542 usqua
339 3473 374 3526 ad
392 3491 485 3527 annum
503 3472 571 3528 1751
589 3490 675 3526 coram
692 3471 831 3524 Facultute
845 3470 1010 3524 detonsarum
1028 3474 1186 3544 catalogus.)

111 3541 188 3616 Jaoq.
214 3542 279 3603 Alb.
306 3545 434 3604 Hazon
462 3547 545 3623 eloge
566 3547 722 3620 historiqne
747 3544 831 3603 dela
860 3543 979 3602 Faculte
1008 3546 1045 3603 de
1072 3549 1218 3609 medecina
1242 3551 1279 3610 de

151 3625 237 3685 Paris.
281 3627 359 3688 Paris
381 3625 472 3694 1770.
494 3627 524 3690 4.
532 3648 541 3701 3
566 3631 603 3689 ih.
630 3625 722 3692 1773.
743 3624 773 3694 4.
796 3659 839 3674 —-
860 3627 983 3703 Ejusd.
1008 3631 1102 3690 notice
1127 3633 1177 3693 des
1197 3635 1279 3696 hom-

151 3731 210 3770 mes
234 3711 274 3771 les
294 3713 357 3792 plus
383 3716 506 3775 celebres
532 3717 568 3773 de
597 3714 624 3774 la
649 3714 768 3774 Faculte
798 3716 835 3774 de
861 3713 1007 3772 mddeciue
1031 3735 1067 3775 en
1099 3716 1279 3780 l’Universite

152 3796 189 3855 de
208 3796 298 3871 Paria,
324 3801 423 3880 depuis
448 3794 533 3860 1110
554 3798 650 3877 jusqu’
672 3818 707 3857 en
733 3793 816 3860 1750
835 3798 1056 3862 inclusivement.
1090 3800 1169 3861 Paria
1186 3798 1278 3866 1778.

94 3903 98 3918 ·
153 3875 276 3962 (1780.)
314 3879 344 3942 4.
416 3889 469 3958 (Ab
494 3889 536 3942 his
564 3889 693 3959 operibus
718 3887 797 3940 laude
822 3905 871 3940 sua
897 3888 1004 3942 omnino
1025 3889 1115 3960 dignis
1135 3893 1215 3963 plane
1237 3895 1279 3948 di-

151 3977 254 4014 versum
272 3969 313 4048 est
332 3965 415 4032 ejusd.
433 3966 549 4020 auctoris
567 3983 647 4050 opqs:
679 3967 769 4036 Elogc
793 3965 940 4048 hiatqrique
958 3967 1115 4050 dcd'llnio.
1139 3971 1173 4024 dc
1192 3971 1278 4030 Poris.

148 4029 301 4153 amr
317 4033 1019 4174 supernantur,
1244 4042 1278 4094 e

111 4167 243 4231 hlemoire
266 4169 447 4255 (historiqne)
476 4178 513 4236 de
542 4177 570 4235 la
594 4176 712 4234 Faculte
742 4177 779 4233 de
812 4177 959 4234 medecine
984 4195 1019 4234 en
1047 4177 1217 4238 l'universite
1241 4181 1279 4239 de

149 4255 235 4316 Paris.
289 4257 367 4316 Paris
397 4255 486 4324 1792.
511 4258 542 4320 4.
583 4271 651 4340 (cir.
669 4273 801 4325 Buchez
822 4273 896 4325 delo
911 4272 1024 4327 Foooltd
1040 4276 1151 4332 domed.
1171 4275 1203 4329 da
1222 4277 1277 4330 Pu-

116 4345 119 4351 '
151 4339 188 4390 ria
206 4340 298 4408 depuis
316 4341 341 4392 le
359 4339 423 4397 Xll.
441 4343 517 4396 aidole
529 4341 657 4412 jasqo'd
679 4343 708 4394 lo
725 4345 770 4409 fla
789 4342 826 4395 du
848 4339 952 4396 xt’ttt.
977 4343 1004 4397 in
1025 4343 1116 4399 Jouru.
1147 4343 1194 4400 des
1212 4362 1277 4420 pro·

117 4439 120 4449 .
150 4407 209 4475 grta
225 4408 259 4463 da
276 4407 394 4464 soiences
411 4411 478 4466 med.
500 4409 577 4468 1811.
594 4409 615 4463 1.
634 4429 663 4482 p.
682 4410 756 4480 711.)
1004 4496 1027 4559 6
