2808 4872
555 239 657 302 Plinim
678 271 721 286 -
741 239 847 300 Celsus.
1238 237 1281 308 57

161 390 260 446 rioloao
283 389 361 444 boum
380 388 529 460 antiquitus
551 391 604 460 jam
626 389 654 443 in
679 403 775 473 corpm
799 389 936 444 humanum
952 389 1078 446 immisto
1096 395 1126 446 at
1141 391 1284 450 anemium

158 469 280 514 naturam
297 459 433 512 humanam
450 466 558 528 mutato,
577 459 615 512 ita
632 466 661 512 ut
678 476 761 513 senua
779 461 879 513 variola
896 459 991 513 exinde
1007 468 1071 514 nata
1088 461 1143 530 ait.)

2 587 3 590 ,
114 533 197 594 Elias
219 534 449 592 Camerarius
473 535 539 596 diss.
564 533 601 590 de
623 549 751 609 gemursa
776 531 903 591 Pliniana
924 532 995 590 clavi
1016 533 1097 612 pedis
1127 534 1282 616 maligniori

2 697 3 701 ἵ
160 619 265 698 specie.
307 617 433 694 Tubing.
456 612 548 678 1722.
569 611 599 676 4.
643 620 697 690 (Ad
711 620 783 677 Plin.
798 623 817 678 l.
833 621 936 676 XXVI.
952 640 976 674 c.
993 625 1018 677 l.
1032 640 1055 678 s.
1070 625 1096 677 5.
1115 629 1141 691 s.
1155 624 1198 692 8.)

117 703 196 766 Geo.
224 703 330 779 Wolfg.
354 701 476 762 Wedel
508 704 544 761 de
575 703 672 760 morbo
695 703 846 778 sapientiae
885 703 941 778 (ad
966 701 1034 764 Plin.
1058 702 1120 762 hist.
1141 709 1199 770 nat.
1220 705 1284 766 Vll.

162 783 213 846 50.
235 809 257 850 s.
269 783 319 846 51.
335 784 362 864 §.
376 783 462 864 169).
484 786 545 846 Jen.
569 782 690 866 (1699.)
705 781 796 846 1701.
813 781 844 848 4.
865 817 913 831 -
933 787 1029 850 Recta.
1041 789 1071 844 in
1082 788 1181 848 Wedel
1192 808 1283 851 exerc.

162 875 239 932 med.
261 873 355 950 philol.
373 873 456 933 Ceut.
476 872 496 930 l.
519 873 579 934 dec.
599 867 648 935 10.
670 892 697 934 n.
720 867 769 934 10.
802 877 870 943 (Pro
886 875 1098 946 diaphragmatis
1111 877 1223 932 vnlnere
1238 881 1285 934 ha-

163 955 219 1022 bet,
238 971 295 1006 cum
312 971 366 1006 vox
384 950 484 1020 φρένες
501 961 608 1024 praetor
625 959 732 1006 mentem
750 952 828 1005 etiam
845 953 1012 1022 diaphragma
1030 953 1172 1024 designet.)

2 1041 3 1044 ’
118 1025 197 1089 Guil.
221 1026 342 1084 Udalric
369 1026 613 1086 Waldschmid
635 1027 724 1102 (resp.
746 1025 838 1102 cuph.
863 1025 948 1084 Mart.
972 1026 1138 1108 Burchard)
1160 1029 1227 1094 (lisa.
1248 1030 1287 1090 da

2 1161 3 1164 ,
163 1111 265 1170 morbo
285 1130 337 1188 per
361 1112 525 1188 sapientiam
545 1112 617 1170 mori
637 1110 725 1172 Plinii.
769 1109 863 1168 Kilon.
889 1105 979 1171 1703.
1005 1107 1034 1170 4.

2 1269 3 1272 ¹
60 1272 64 1280 Ι
118 1195 190 1256 cnr.
225 1195 345 1276 Godofr.
379 1197 554 1254 Stentzel
584 1214 679 1273 progr.
714 1195 818 1267 morbi,
866 1213 923 1271 quo
948 1215 1000 1274 per
1026 1195 1189 1276 sapientiam
1216 1199 1288 1257 mori

162 1280 269 1376 Plinius
291 1281 402 1358 scribit,
443 1287 543 1340 natura
565 1280 726 1358 explicatur.
770 1279 862 1353 Viteb.
886 1275 978 1340 1736.
1000 1276 1030 1344 4.
1096 1286 1188 1354 (Essa
1211 1295 1289 1342 auto-

117 1361 300 1494 Dalllmgffili
319 1433 463 1493 Triller
495 1433 656 1491 exercitatio
681 1432 709 1490 in
732 1432 873 1491 difficilem
894 1432 975 1492 Plinii
999 1433 1108 1511 locum,
1140 1433 1159 1494 l.
1183 1435 1243 1496 Vll.
1264 1455 1288 1496 c.

165 1515 229 1598 50„
255 1521 292 1578 de
312 1519 411 1577 morbo
432 1537 483 1596 per
498 1518 661 1594 sapientiam
684 1518 762 1575 mori.
806 1517 898 1577 Viteb.
923 1513 1016 1580 1757.
1038 1514 1068 1578 4.
1092 1553 1132 1566 -
1152 1519 1241 1580 Redit
1260 1524 1291 1581 in

165 1605 217 1664 Tr.
241 1604 363 1682 Opuscc.
388 1603 449 1661 Vol.
471 1602 493 1666 l.
516 1596 608 1664 1766.
632 1623 659 1681 p.
683 1596 861 1664 508—523.
905 1607 987 1674 (Esse
1002 1609 1205 1678 phrenitidem.)

2 1753 3 1764 ¹
118 1689 252 1750 Gottlieb
269 1689 370 1790 'Heinn
393 1687 666 1764 Kaunegiesser
692 1687 757 1744 diss.
786 1688 822 1745 de
842 1687 942 1746 morbo
964 1689 1100 1748 Pliniano.
1123 1685 1170 1774 (1)
1195 1689 1291 1754 Kilon.

119 1768 454 1933 Girlsl7ltlo4iigliano
487 1856 722 1935 interpretazione
757 1854 821 1914 dell’
855 1875 956 1915 oscnro
993 1875 1079 1935 passo
1118 1858 1148 1916 (11
1185 1857 1292 1918 Plinio:

100 1973 104 1978 ·
166 1943 287 2004 Morbus
307 1949 351 2000 est
374 1943 457 2000 etiam
471 1941 570 2016 aliquis
591 1961 643 2019 per
664 1941 827 2019 sapientiam
849 1943 928 1998 mori.
951 1943 981 2000 S.
999 1942 1016 2000 l.
1036 1963 1060 2001 e.
1076 1960 1103 2002 a.
1120 1938 1244 2020 (1780.)
1262 1939 1293 2010 8.

169 2024 303 2093 (Pertinet
321 2023 355 2075 ad
370 2023 435 2076 Plin.
448 2023 508 2074 VII.
527 2025 584 2088 50.;
603 2023 653 2077 cfr.
671 2023 749 2074 etiam
768 2021 849 2091 Casp.
867 2039 884 2074 a
902 2021 1018 2089 Reyes
1034 2022 1141 2090 Elysius
1156 2025 1293 2092 jucundat.

169 2098 274 2162 quaest.
293 2108 399 2160 campus
417 2109 443 2161 p.
462 2090 555 2157 1236.;
592 2091 671 2148 Andr.
697 2091 820 2142 Schott
848 2092 918 2144 obss.
937 2091 1038 2148 human.
1059 2091 1092 2148 V.
1111 2093 1153 2148 10.
1171 2111 1195 2176 p.
1214 2093 1294 2159 2174

170 2161 381 2216 Beverovic.
399 2161 529 2232 epistolio.
548 2168 650 2230 quaest.
670 2177 696 2228 p.
714 2159 749 2212 28
766 2158 851 2226 et663
871 2159 1124 2228 Scaligoriana
1162 2161 1295 2226 nmalll;

169 2228 395 2354 l‘txleEcmiglps
419 2229 558 2367 varjlect.
577 2228 687 2286 11110.
711 2245 737 2300 p.
760 2227 826 2296 1293
859 2227 1062 2282 Schmiader
1084 2229 1113 2283 in
1155 2231 1239 2302 phem.
1257 2228 1296 2288 N.

196 2339 205 2358 .
246 2306 299 2356 sut.
335 2335 343 2352 .
378 2304 460 2354 .etc.

506 2505 558 2562 SS.
614 2505 768 2560 Plinius
794 2504 925 2562 minor.

123 2649 205 2708 Geo.
232 2645 306 2704 Gnil.
332 2644 417 2704 Ferd.
439 2645 618 2705 Schramm
643 2645 841 2704 commentatio
863 2645 1007 2722 epistolica
1028 2645 1066 2704 de
1087 2663 1175 2706 coena
1199 2645 1301 2724 frugali

174 2751 196 2793 a
216 2731 317 2805 Plinio,
338 2731 418 2810 epist.
441 2730 463 2795 l.
487 2727 536 2794 15.
562 2731 711 2810 descripta.
754 2730 817 2789 Jen.
840 2723 935 2791 1746.
959 2725 989 2788 4.

551 2946 613 3006 PT.
667 2947 888 3018 Apicius.

99 3053 101 3056 ι
124 3091 182 3152 Jo.
204 3088 301 3148 Heinr.
323 3085 507 3147 Dierbach
528 3086 615 3146 Flora
635 3085 779 3168 Apiciana.
802 3087 856 3147 Ein
871 3089 988 3162 Beitrag
1005 3105 1055 3145 zur
1071 3085 1178 3145 nibem
1192 3083 1305 3145 Kennt-

178 3175 237 3234 niss
259 3174 310 3232 der
331 3169 575 3248 Nahrung'smittel
596 3173 646 3230 der
672 3173 748 3231 alten
770 3173 891 3246 Rbmer,
927 3175 978 3231 mit
1006 3172 1178 3230 besonderer
1208 3171 1305 3230 nack-

179 3259 251 3318 sicht
277 3257 329 3316 aui
352 3257 398 3314 die
420 3257 531 3330 Biicher
552 3256 603 3314 des
625 3257 737 3316 Caelius
750 3255 865 3336 Apicius
887 3259 923 3316 de
945 3257 1070 3334 opsoniis
1091 3261 1121 3314 et
1142 3256 1305 3314 condimen-

179 3345 216 3404 tis
237 3343 297 3401 sive
318 3349 378 3399 arte
399 3342 570 3417 coquinaria.
602 3341 775 3417 Heidelberg
797 3344 855 3400 und
877 3341 996 3418 Leipzig
1018 3333 1110 3398 1831.
1135 3335 1164 3397 8.
1209 3338 1308 3416 (Bota-

180 3427 256 3478 nicae
274 3423 314 3476 rei
331 3424 398 3475 bene
417 3422 516 3492 peritus
534 3431 642 3488 auctam
661 3425 709 3478 cir.
727 3423 817 3478 Barth.
836 3421 974 3474 Plotina
992 3421 1024 3473 ria
1041 3421 1154 3472 bonerto
1169 3422 1310 3490 uoluptate

118 3533 120 3536 ψ
180 3511 203 3552 a.
224 3495 256 3548 de
277 3493 380 3548 tuendo
396 3492 559 3548 valetudine.
601 3493 692 3548 Venet.
712 3489 787 3546 1175.
804 3495 830 3562 f.
850 3498 878 3545 et
893 3490 997 3561 saepius
1014 3505 1072 3545 sar.
1090 3487 1147 3556 tit.)

628 3713 659 3786 β.
693 3673 833 3769 mearet.

569 3849 627 3908 ΑΛ.
696 3851 884 3906 calana.

134 3973 231 4038 Henri
261 3969 475 4031 Kirhnholtz
506 3973 588 4048 tloge
620 3975 657 4032 cle
688 3973 771 4032 Celso
792 3971 937 4049 prononcei
962 3970 989 4029 le
1011 3963 1064 4028 19.
1086 3968 1167 4046 April
1188 3963 1312 4028 18385

186 4059 220 4116 la.
236 4057 304 4121 Fac.
327 4057 364 4114 cle
386 4055 460 4118 med.
482 4057 519 4115 de
539 4057 727 4136 Montpellier.
771 4056 949 4135 Montpellier
970 4060 999 4114 et
1023 4053 1102 4112 Paris
1128 4047 1220 4112 1838.
1247 4047 1278 4109 8.

10 4145 14 4150 ’
139 4145 218 4204 Geo.
239 4141 461 4200 Ackermark
493 4143 561 4202 diss.
589 4162 646 4218 qua
675 4141 743 4204 Aur.
769 4142 855 4200 Corn.
888 4141 988 4199 Celsus
1019 4139 1190 4197 medicorum
1211 4135 1313 4195 Cicero

187 4223 393 4302 latinorumque
414 4225 602 4304 Hippocrates
625 4228 801 4307 proponitur.
844 4225 943 4304 Upsal.
971 4218 1063 4283 1758.
1089 4218 1118 4280 4.

139 4311 242 4387 (Giov.
263 4311 349 4386 Luigi
372 4311 575 4386 Bianconi)
597 4313 695 4372 lettere
717 4329 801 4390 sopra
823 4309 856 4370 A.
883 4310 969 4368 Corn.
995 4307 1080 4366 Celso
1106 4305 1134 4366 al
1157 4300 1315 4364 collibrata

191 4395 278 4458 Girol.
300 4395 477 4456 Tiraboschi.
499 4396 582 4456 Rom.
595 4392 686 4460 1779.
697 4392 726 4457 8.
741 4431 783 4441 -
804 4393 933 4458 Gennan.
945 4399 1009 4452 cert.
1024 4411 1105 4456 camo.
1116 4389 1152 4452 I..
1163 4391 1209 4450 aab
1223 4389 1316 4450 titulo:

1287 4592 1328 4599 Α
