2766 4878
596 283 757 352 Anatomis.
1202 285 1265 352 148

137 460 259 520 rumque
281 441 305 500 si
326 459 384 501 non
405 440 528 500 omnium
554 445 612 502 mm
633 447 758 500 veterum
782 457 867 518 quam
884 441 1068 502 recentiorum
1088 443 1264 523 scriptorum,

136 529 189 604 qui
210 547 228 586 a
248 527 343 604 pn'mis
363 527 431 585 artis
451 526 576 584 medicae
596 527 734 586 natalibus
756 527 793 583 ad
814 527 884 584 haec
904 533 1001 585 nostra
1024 547 1115 604 usque
1135 536 1264 607 tempora

133 614 309 671 anatomiam
330 611 461 689 operibus
482 611 538 668 suis
560 610 742 673 illustrarunt.
785 610 916 671 Francos.
939 631 963 670 a.
996 613 1091 674 Viedr.
1115 609 1206 674 1738.
1231 609 1262 672 4.

138 693 309 762 (Anatomica
326 693 445 746 doctrina
463 709 514 745 non
531 691 596 744 satis
613 691 735 758 imbutus,
751 691 812 745 inde
829 708 931 746 errores
948 691 1048 760 multi.)

89 764 154 824 Jac.
185 766 352 842 Douglas
384 765 605 842 bibliographiae
636 766 810 824 anatomicae
840 766 994 842 specimen,
1033 767 1092 825 sive
1117 767 1263 843 catalogus

135 853 261 910 omnium
282 871 355 930 pene
376 857 531 923 auctorum,
556 851 604 926 qui
626 851 662 908 ab
687 851 862 928 Hippocrate
883 851 920 907 ad
946 850 1106 910 Harvaeum
1123 870 1263 910 remana-

133 937 267 995 tomicam
292 955 327 994 ex
347 937 475 1014 professo
502 934 546 992 vel
568 936 659 993 obiter
679 935 788 1014 scriptis
813 934 998 1008 illustrarunt3
1025 955 1111 1014 opera
1137 935 1263 1011 singulo-

134 1040 200 1078 rum
225 1027 254 1080 et
274 1021 387 1078 inventa
407 1022 485 1078 iuxta
508 1024 666 1097 temporum
688 1021 785 1078 seriem
807 1019 1003 1096 complectens.
1024 1019 1117 1078 Lond.
1128 1015 1219 1081 1715.
1231 1017 1262 1080 8.

133 1104 219 1166 Edit.
241 1106 355 1164 secundo
373 1108 463 1183 priori
483 1108 587 1162 auctior
609 1107 651 1162 cui
671 1105 798 1163 accedunt
818 1105 1005 1162 additamenta
1027 1103 1261 1184 quaedamBern.

135 1189 231 1268 Sigfr.
253 1192 375 1248 Altini
398 1189 495 1266 Lugd.
517 1191 581 1248 Bar.
605 1183 696 1248 1734.
722 1185 751 1248 8.
779 1195 881 1260 (Bonus
893 1200 922 1246 et
933 1195 1019 1246 adhuc
1035 1195 1110 1246 utilis
1131 1195 1261 1264 libellus.)

6 1273 7 1280 ’
89 1271 159 1334 alt.
181 1295 208 1332 v.
229 1275 356 1333 Heller
377 1275 546 1332 bibliotheca
567 1273 740 1348 anatomica,
772 1293 828 1350 qua
859 1275 962 1353 scripta
990 1276 1028 1332 ad
1058 1281 1208 1336 anatomeu
1233 1283 1262 1336 et

133 1360 342 1438 physiologiam
369 1361 499 1418 facientia
516 1379 533 1416 a
552 1379 643 1418 serrum
662 1359 744 1416 initiis
761 1367 948 1418 recensentur.
978 1361 1061 1420 Tom.
1084 1360 1104 1418 l.
1133 1363 1171 1420 ad
1195 1381 1261 1420 auu.

135 1441 231 1508 1760.
254 1446 336 1504 Tom.
361 1445 396 1502 ll.
419 1446 457 1502 ad
481 1463 545 1502 aun.
571 1439 662 1504 1774.
688 1445 789 1520 Tiguri
815 1439 904 1504 1774.
929 1440 1020 1504 1776.
1041 1441 1070 1504 4.
1091 1459 1149 1525 (05
1159 1459 1262 1530 copiam

136 1526 293 1595 scriptorum
312 1533 340 1578 et
357 1527 391 1578 ob
407 1524 506 1594 judicia
524 1525 557 1576 de
574 1523 607 1578 iis
628 1525 662 1577 ab
686 1524 742 1594 ipso
765 1525 799 1578 Η.
817 1533 949 1578 anatomes
968 1537 996 1580 et
1013 1527 1195 1596 physiologiae
1211 1547 1261 1598 pe-

136 1594 262 1648 ritissimo
280 1595 334 1648 lata
347 1594 609 1664 praestantissimum,
634 1593 661 1646 in
686 1594 767 1646 titulis
790 1601 818 1647 et
836 1594 991 1647 editionibus
1009 1614 1060 1648 non
1078 1615 1178 1666 semper
1195 1599 1262 1652 satis

135 1671 302 1729 accuratum3
321 1665 370 1718 cir.
389 1662 615 1716 Blumeubach
632 1662 762 1716 Nachlese
779 1662 806 1716 iu
824 1663 965 1732 Baldinger
981 1665 1051 1721 Neu.
1072 1665 1197 1734 Magazin
1218 1667 1262 1720 hir

133 1736 234 1785 herste
251 1733 299 1786 Bd.
317 1732 344 1797 2,
364 1731 439 1796 1780,
457 1733 486 1784 S.
503 1731 538 1785 33
550 1733 606 1800 ig.)

90 1804 160 1868 Chr.
181 1804 257 1864 Lod.
279 1805 536 1864 Schweilshard
557 1809 700 1863 tentamen
725 1802 846 1880 catalogi
868 1805 1009 1864 rationalis
1037 1807 1261 1868 dissertationum

132 1891 172 1948 ad
194 1891 364 1950 anatomiam
385 1897 413 1948 et
431 1889 637 1967 physiologiam
656 1889 857 1967 spectantium,
879 1891 915 1949 ab
933 1910 1007 1949 anno
1019 1885 1102 1950 1539
1116 1894 1262 1952 adnostra

133 1994 228 2051 usque
250 1981 385 2052 tempora.
428 1975 553 2050 Tubing.
580 1969 674 2035 1798.
696 1969 725 2034 8.
756 1979 899 2047 (Dissertt.
921 1981 991 2038 3328
1012 1988 1150 2035 enumerat
1168 1983 1261 2036 citatis

134 2055 211 2109 515151
228 2055 420 2108 recensionibus
439 2055 536 2108 criticis
554 2055 767 2125 ephemeridum.)

89 2127 136 2188 Jo.
159 2129 237 2187 Frid.
259 2129 394 2188 Knolle
423 2126 527 2206 (praes.
552 2128 620 2186 Ern.
649 2127 713 2185 Glo.
738 2129 827 2208 Bose)
853 2130 939 2188 decas
968 2129 1101 2192 librorum
1124 2132 1262 2191 anatomi-

132 2233 232 2272 corum
251 2213 394 2272 rariorum.
412 2214 616 2272 Commentatio
639 2213 820 2288 gratulatoria
850 2211 929 2291 Lips.
952 2209 1043 2275 1761.
1060 2214 1089 2274 4.
1139 2229 1261 2296 (omri.

133 2295 248 2348 buntur:
268 2295 290 2347 1.
310 2295 425 2364 Gaspar.
446 2295 567 2348 Asellii
585 2293 618 2346 de
636 2293 747 2346 lactibus
763 2311 785 2347 s.
795 2294 887 2347 lacteis
900 2295 973 2348 venis
987 2297 1050 2352 diss.
1063 2297 1168 2352 Mediol.
1184 2297 1261 2357 1627.

134 2365 177 2426 4.;
196 2363 233 2419 ΙΙ.
251 2363 292 2419 Jo.
311 2365 350 2415 Ba
370 2372 387 2415 t.
415 2363 541 2416 canani
559 2363 696 2416 musculos.
715 2363 818 2416 humani
835 2363 953 2431 corporis
972 2365 1104 2434 picturata
1127 2367 1260 2424 dissectio.

135 2433 165 2488 S.
184 2433 202 2488 l.
221 2451 244 2488 e.
263 2451 287 2484 a.
312 2433 338 2486 4.
382 2449 463 2487 errar.
482 2431 555 2486 1571.
575 2434 617 2494 4.;
646 2432 696 2485 lll.
714 2433 756 2486 Jo.
778 2433 858 2516 Bapt.
878 2434 1027 2486 Carcani
1044 2436 1183 2488 anatomici
1200 2437 1261 2490 libri

133 2503 195 2554 duo.
215 2501 304 2554 Ticini
322 2500 397 2554 1574.
416 2500 456 2566 8.;
488 2501 535 2556 lV.
561 2501 653 2552 Realdi
672 2501 828 2554 Columbu
846 2502 879 2554 de
895 2519 926 2554 re
942 2503 1089 2556 anatomioa
1106 2505 1166 2564 libri
1183 2506 1260 2574 quin-

134 2571 229 2625 decim.
253 2571 346 2626 Venet.
373 2569 448 2625 1559.
474 2571 509 2635 f.;
543 2570 576 2624 V.
594 2569 634 2624 Jo.
657 2569 733 2638 Bapt.
758 2571 878 2623 Dollae
895 2571 921 2622 in
940 2579 1075 2624 anatomen
1093 2573 1260 2628 humanorum

134 2639 269 2692 oculorum
285 2639 391 2692 tabulae
407 2639 537 2692 aGaleno
550 2645 578 2690 et
594 2640 627 2691 ab
640 2638 698 2690 aliis
713 2639 900 2692 recentioribus
915 2641 1047 2694 collectae.
1066 2642 1167 2698 Bonon.
1185 2643 1260 2700 1568.

132 2709 167 2772 f.;
186 2709 234 2762 Vl.
254 2708 362 2760 Caecilii
381 2707 469 2760 Folii
486 2708 618 2776 sanguinis
636 2725 653 2760 a
670 2708 762 2760 dextro
786 2709 812 2760 in
836 2708 967 2762 sinistrum
986 2710 1071 2762 cordis
1088 2711 1260 2766 ventriculum

134 2775 275 2830 defluentis
300 2777 385 2830 facilis
408 2784 513 2847 reperta
538 2777 591 2829 via.
614 2779 707 2831 Venet.
727 2775 801 2829 1639.
821 2779 863 2843 4.;
895 2777 955 2832 Vll.
974 2777 1072 2834 Caecil.
1087 2779 1184 2832 Fuoli
1203 2781 1260 2834 dis-

132 2863 210 2898 corso
229 2847 375 2900 anatomico
393 2847 435 2898 nel
453 2846 531 2914 quale
548 2845 570 2898 si
588 2846 707 2898 contiene
725 2861 775 2898 uua
793 2863 879 2899 nuova
902 2846 1022 2914 opinione
1041 2847 1110 2901 circa
1133 2848 1159 2901 la
1177 2867 1259 2914 gene-

131 2914 236 2968 ratione
261 2923 289 2967 et
311 2932 358 2968 uso
383 2915 449 2967 della
475 2914 640 2983 pinguedine.
666 2913 776 2966 Venetia
798 2915 873 2968 1544.
893 2915 935 2978 4.;
962 2916 1035 2969 Vlll.
1054 2915 1151 2971 Caecil.
1167 2915 1260 2971 Folii

131 2999 202 3036 nova
226 2985 298 3038 auris
319 2984 436 3038 internae
460 2983 609 3038 delineatio.
635 2983 728 3038 Venet.
748 2981 825 3036 1645.
851 2985 892 3048 4.;
918 2983 965 3036 lX.
986 2985 1072 3040 Carol.
1093 2985 1262 3056 Stephani

131 3052 166 3105 de
184 3053 342 3106 dissectione
360 3053 471 3122 partium
490 3053 606 3122 corporis
624 3053 726 3104 humani
744 3053 802 3104 libri
817 3067 885 3116 tres,
909 3069 960 3106 una
984 3071 1040 3106 cum
1064 3054 1155 3122 figuris
1174 3063 1202 3108 et
1217 3055 1260 3109 iu·

132 3121 258 3173 cisionum
279 3121 500 3175 declarationibus
524 3139 540 3174 a
564 3122 696 3190 Stephano
714 3121 831 3178 Riserio.
849 3121 1076 3190 Paris.1545.r.;
1107 3122 1141 3177 X.
1160 3123 1259 3182 urano.

133 3189 220 3242 Ulmi
238 3189 271 3242 de
289 3191 355 3243 liene
373 3191 480 3244 libellus.
497 3189 580 3244 Paris.
600 3190 675 3246 1578.
692 3189 731 3257 8.)

90 3258 157 3322 Eru.
181 3262 301 3320 Godolr.
330 3262 479 3322 Kurella
505 3263 653 3321 fasciculus
682 3263 906 3321 dissertationum
932 3265 971 3320 ad
997 3263 1140 3322 historiam
1169 3267 1260 3324 medi-

129 3365 202 3422 cam,
227 3349 372 3425 speciatim
393 3353 536 3407 auatomes
560 3347 753 3425 spectantium,
780 3366 862 3423 quem
892 3349 929 3405 ob
956 3349 1096 3405 raritatem
1125 3368 1183 3408 nou
1207 3351 1260 3409 mi-

130 3451 185 3490 uus
206 3449 240 3488 ao
262 3433 407 3492 utilitatem
430 3433 543 3510 prodire
568 3433 683 3494 curavit.
725 3433 818 3489 Berol.
847 3427 937 3492 1754.
964 3427 994 3493 8.
1019 3444 1155 3510 (continet
1177 3447 1202 3502 J.
1220 3447 1258 3504 H.

133 3508 248 3564 Sobulze
266 3511 391 3566 historiae
409 3523 478 3566 anat.
496 3512 601 3582 specim.
614 3513 665 3565 duo
684 3522 711 3566 et
721 3511 787 3565 Phil.
809 3512 867 3568 Jao.
887 3512 1030 3566 Hartmann
1041 3514 1074 3566 de
1087 3513 1172 3583 origg.
1186 3522 1259 3574 anat.

132 3588 160 3634 et
178 3581 212 3633 de
229 3581 325 3650 peritia
342 3593 458 3635 veterum
481 3581 646 3647 anatomica.)

90 3651 136 3716 Jo.
162 3653 284 3716 Zachar.
313 3653 461 3713 Platner
488 3675 585 3734 progr.
608 3657 644 3713 de
669 3652 775 3730 Magno
801 3653 913 3727 Hundt,
937 3653 1095 3712 tabularum
1120 3657 1260 3716 anatomi-

132 3757 243 3808 carum,
269 3744 302 3795 ut
330 3741 457 3817 videtur,
484 3745 605 3802 auctore.
636 3738 713 3816 Lips.
739 3733 831 3798 1734.
856 3733 886 3797 4.
909 3771 949 3784 —-
970 3738 1057 3796 Redit
1079 3743 1111 3822 io
1136 3741 1258 3820 Opusco

131 3821 167 3881 ll.
190 3817 326 3885 35—42.
357 3837 407 3903 (Pl.
432 3838 519 3907 opinio
544 3839 627 3892 serius
651 3836 752 3888 omnino
776 3837 891 3888 refutata
914 3841 969 3900 est,
993 3853 1050 3888 cum
1073 3855 1124 3890 non
1147 3839 1259 3894 Hundtii

132 3903 357 3972 anthropologium
372 3907 445 3974 Lips.
466 3909 541 3960 1500.
559 3907 584 3958 4.
610 3905 704 3976 primas
719 3905 807 3956 icones
826 3905 1138 3975 anatomicascontineat,
1157 3909 1258 3965 sedJo.
1303 3931 1306 3939 ·

133 3973 167 4024 de
185 3973 297 4024 Ketham
316 3975 455 4028 fasciculus
473 3975 616 4028 medicinae
635 3975 727 4028 Venet.
747 3971 823 4028 1491.
841 3974 876 4034 i.;
901 3974 950 4029 cir.
975 3975 1168 4029 Brielterlmnde
1180 3983 1207 4048 f.
1231 3979 1257 4034 d.

133 4043 184 4096 siit.
206 4042 334 4108 Medicin,
350 4043 376 4094 2.
395 4047 468 4112 Aust.
487 4047 516 4101 S.
533 4043 609 4112 402.)

206 4199 260 4273 c.
318 4175 645 4274 hamtonae
687 4179 1140 4299 antennor-om.
1252 4271 1257 4282 ,

92 4328 149 4390 Jos.
171 4329 202 4390 H
209 4329 281 4408 yrtl
301 4331 482 4407 antiquitates
503 4333 676 4393 anatomicae
696 4335 824 4408 rariores,
846 4337 948 4412 quibus
969 4336 1064 4412 origo,
1088 4335 1258 4394 incrementa

26 4449 29 4459 ·
132 4421 161 4475 et
192 4423 283 4476 status
310 4423 455 4476 anatomos
482 4419 561 4496 apud
589 4418 796 4498 antiquissimae
823 4421 973 4482 memoriae
999 4425 1099 4498 gentes
1126 4421 1257 4481 historica

1282 4602 1350 4616 Α
