2808 4872
570 313 710 374 Medicina
734 314 859 391 antiqua.

59 521 61 526 .
85 515 87 520 .
168 473 272 541 tracta,
306 467 343 526 ad
364 468 504 544 quendam
531 467 631 526 Galerii
654 466 747 526 locum
772 485 790 525 a
814 465 922 541 magnis
944 464 1044 522 criticis
1070 465 1175 522 frustra
1194 465 1299 521 teuta-

168 560 226 612 tum
254 553 446 611 illustrandum
474 561 504 612 et
528 553 733 611 vindicandum.
786 551 881 609 Viteb.
904 543 995 610 1763.
1017 545 1048 611 4.
1074 581 1117 594 -·
1149 547 1235 606 Redit
1260 549 1300 603 in

169 638 219 700 Tr.
244 638 365 715 Opuscc.
387 638 450 701 Vol.
472 638 493 695 l.
521 633 611 700 1766.
633 659 660 715 p.
678 631 858 695 544—555.
887 640 963 706 (Gal.
977 657 1068 692 comm.
1081 637 1298 706 LiuHippocr.

167 718 185 773 l.
204 719 237 771 do
253 719 387 783 articulis,
412 719 452 773 ed.
471 719 564 783 liuba,
598 726 658 771 tom.
682 717 784 772 XVIII.
803 735 829 787 p.
846 715 914 770 3622
950 713 1015 771 ὅσοι
1033 712 1082 769 duic
1104 711 1186 782 λιμὸν
1202 708 1220 783 ἢ
1238 708 1298 765 διὰ

168 787 332 856 πολιορκίαν
353 806 376 844 κ.
395 806 419 844 τ,
436 789 477 852 l..‚·
494 805 546 842 nou
563 805 621 842 esse
637 787 773 856 legendum
793 785 988 854 πολοοργίοιν.)

497 957 565 1014 ΜΜ.
621 959 903 1012 Oribcsiue.

126 1065 192 1126 Chr.
215 1063 335 1122 Godolr.
361 1064 501 1122 Gruner
523 1083 619 1142 progr.
647 1064 720 1122 inest
742 1063 862 1122 Oribasii
884 1063 1086 1122 medicinalium
1111 1062 1299 1120 collectorum

169 1148 237 1206 liber
260 1148 284 1210 l.
306 1157 334 1208 et
355 1149 389 1211 ll.
412 1155 440 1207 et
472 1149 660 1224 fragmentum
687 1149 764 1207 aliud
787 1168 804 1207 e
831 1149 928 1208 codice
947 1148 1112 1224 Mosqueusi
1132 1167 1207 1205 nunc
1232 1145 1300 1224 pri-

168 1253 243 1292 mum
265 1253 307 1308 gr.
330 1240 359 1290 et
379 1233 427 1291 lar.
471 1228 649 1294 Jen.178‘2.
674 1228 703 1292 4.
748 1239 874 1306 (Progrr.
890 1239 943 1292 duo
961 1257 996 1291 ex
1011 1237 1223 1302 eodemcodice‚
1245 1231 1300 1304 qui

57 1353 58 1356 ,
168 1313 274 1368 editioni
291 1314 486 1368 Matthiaeanae
502 1313 641 1380 inserviit.)

551 1484 617 1540 NN.
669 1486 855 1542 Actius.

126 1589 171 1648 Jo.
194 1589 262 1649 Em.
288 1589 532 1650 Hebcustreit
554 1597 697 1650 tentamen
714 1590 986 1670 philologico·med.
1011 1591 1111 1649 sistens
1132 1587 1206 1648 Aetii
1228 1587 1298 1646 libri

168 1673 218 1740 lX.
240 1675 348 1750 aliquot
368 1675 469 1752 capita.
511 1675 591 1755 Lips.
613 1671 704 1736 1757.
729 1673 758 1734 4.

126 1791 171 1804 -
192 1792 235 1802 -
255 1757 328 1818 Aetli
349 1757 478 1818 Amideui
499 1755 671 1824 ἄνεκόότων
694 1762 741 1819 lib.
763 1760 814 1822 lX.
839 1779 901 1838 cap.
929 1759 1072 1835 XXVIII,
1096 1758 1230 1818 exbibens
1246 1762 1297 1816 te-

168 1843 273 1901 nuioris
298 1845 421 1902 intestini
441 1847 580 1922 morbum,
602 1865 684 1921 quem
705 1845 783 1903 lleon
805 1851 834 1903 et
855 1845 1051 1923 Chordapsum
1072 1845 1179 1904 dicunt.
1223 1842 1298 1901 Una

168 1947 232 1985 cum
262 1934 387 1986 veterum
413 1949 496 2007 super
525 1932 578 1989 hac
604 1931 796 2006 aegrotatione
821 1931 974 1990 sententiis.
1028 1927 1107 2008 Lips.
1138 1922 1230 1989 1757.
1259 1924 1295 1990 4.

170 2008 340 2075 (Fragmenta
357 2026 391 2061 ex
407 2011 476 2063 Aetii
494 2010 561 2065 libro
580 2011 627 2066 lX.
646 2029 742 2079 graece
759 2011 870 2063 noudum
888 2010 979 2076 edito.)

126 2079 192 2140 Car.
215 2081 357 2157 Weigel
371 2082 721 2163 (resp.Leop.Reiuhold)
747 2083 927 2142 AetIauarum
950 2083 1176 2142 exercItatiouum
1198 2082 1294 2159 speci·

167 2185 239 2223 men.
269 2165 348 2244 Lips.
373 2161 463 2226 1791.
489 2164 518 2228 4.
564 2174 705 2242 (Weigclii
719 2191 797 2243 opus,
813 2174 859 2244 qui
874 2171 983 2225 Aetium
997 2172 1081 2224 cdere
1096 2172 1167 2243 apud
1182 2189 1295 2224 secon-

168 2245 299 2310 stituerat,
318 2246 408 2298 codice
426 2249 540 2316 pretioso
559 2251 592 2302 ad
610 2252 637 2304 id
654 2251 818 2317 instructus.)

123 2319 171 2380 Jo.
192 2318 289 2394 Magn.
312 2338 329 2376 a
353 2319 568 2396 Tengstriim
588 2321 692 2402 (praes.
714 2323 799 2380 Gabr.
825 2316 1000 2404 Bousdorff)
1023 2320 1296 2379 commentationum

166 2403 195 2460 iu
226 2401 299 2461 Aetli
325 2405 423 2462 medici
447 2401 592 2470 οἷνέκὸοτο
622 2427 697 2485 spec.
724 2407 744 2464 l.
773 2408 873 2465 sistens
901 2407 962 2464 libri
987 2407 1036 2468 lX.
1069 2424 1130 2484 cap.
1145 2401 1198 2466 41.
1218 2404 1294 2486 περὶ

166 2481 339 2564 οἷοκαρίόων
363 2483 421 2570 (gr.
443 2491 517 2569 lat).
559 2491 659 2550 Aboac
679 2485 772 2554 1817.
797 2486 827 2550 4.

124 2573 215 2650 Chph.
246 2573 419 2632 Oroscius
455 2579 513 2657 (de
534 2570 689 2658 Ilorozco)
727 2577 925 2636 annotationes
958 2576 986 2634 iu
1010 2575 1176 2654 interpretes
1205 2570 1293 2632 AetiI.

165 2657 250 2717 Basil.
274 2653 366 2720 1540.
388 2654 418 2722 4.

488 2807 551 2864 00.
585 2810 736 2864 Alexander
757 2810 920 2864 drusilianus.

123 2911 221 2991 (Edw.
247 2909 432 2988 Milward)
454 2913 614 2972 Trallianus
637 2917 805 2974 reviviscens
827 2935 861 2972 or
884 2933 921 2972 arr
942 2919 1062 2973 account
1084 2915 1119 2971 of
1128 2913 1292 2974 Trallianus

165 3013 220 3053 oue
243 2996 276 3053 of
292 2997 340 3054 tlre
365 2998 450 3071 greelr
470 2998 577 3056 writers
598 3000 661 3058 vvho
687 3001 820 3058 florished
835 3001 907 3059 alter
929 2999 1064 3076 Galenus,
1088 2999 1212 3075 shewiug
1225 3000 1294 3058 that

164 3079 245 3138 these
267 3080 383 3138 authors
404 3100 452 3140 are
476 3083 519 3140 Iar
540 3085 613 3140 from
639 3084 787 3161 deserviug
807 3085 856 3144 the
876 3085 1047 3163 imputation
1068 3083 1102 3141 of
1112 3103 1187 3142 mere
1208 3104 1291 3142 com-

164 3165 289 3244 pilators.
332 3163 457 3226 Londou
478 3162 571 3229 1734.
593 3163 624 3228 8.

523 3349 577 3405 ΡΡ.
615 3351 715 3406 Paulas
732 3351 874 3422 Aeginae.

122 3455 211 3517 Henr.
237 3451 430 3532 Eggeling
455 3457 528 3536 disp.
558 3477 615 3534 qua
637 3464 742 3534 quauta
761 3478 795 3516 er
817 3457 936 3517 lectione
955 3455 1035 3514 Pauli
1056 3451 1157 3533 Aegiu.
1183 3455 1293 3516 utilitas

166 3539 306 3614 speranda
330 3541 365 3596 sit
391 3541 555 3604 declaratur.
599 3541 730 3604 Francos.
755 3545 792 3602 acl
810 3543 906 3605 Viadr.
931 3537 1023 3601 1541.
1048 3535 1078 3602 8.

122 3621 238 3680 Rudolf.
263 3619 414 3698 Augustin.
448 3627 565 3703 Vogel
598 3629 634 3685 de
658 3627 737 3686 Pauli
761 3627 916 3704 Aeginetae
945 3627 1047 3684 meritis
1068 3626 1096 3682 iu
1121 3625 1293 3686 medicinam

164 3707 353 3784 imprimisque
375 3709 540 3787 chirurgiam
554 3712 677 3789 prolusio
702 3712 724 3774 l.
748 3720 776 3770 et
801 3713 836 3771 ll.
881 3713 1009 3788 Gottiug.
1034 3703 1124 3770 1768.
1147 3703 1290 3776 176114.

124 3789 189 3852 Car.
205 3791 270 3853 Glo.
292 3791 394 3852 Kiihn
415 3815 510 3874 progr.
533 3797 568 3854 de
583 3797 779 3855 additamentis
797 3798 974 3874 quibusdam,
1000 3813 1072 3872 quae
1090 3796 1118 3853 iu
1134 3795 1197 3858 cod.
1213 3803 1291 3854 msto

166 3875 244 3934 Pauli
269 3874 424 3954 Aeginetae
448 3899 465 3937 a
485 3881 627 3958 Scaligero
650 3889 759 3961 reperta
785 3883 912 3955 fuerunt,
934 3901 1002 3940 num
1023 3881 1061 3938 ad
1081 3879 1164 3954 hujus
1186 3880 1291 3938 medici

167 3962 323 4019 secundam,
339 3963 499 4038 editionem,
525 3967 560 4024 ab
579 3972 692 4026 auctore
713 3968 774 4046 ipso
794 3969 905 4043 factam,
928 3965 1054 4025 concludi
1075 3964 1175 4042 possit,
1199 3981 1292 4040 quae-

166 4045 242 4106 ritur.
286 4044 364 4123 Lips.
387 4043 481 4108 1828.
504 4047 535 4112 4.
579 4055 709 4126 (Scripta
730 4063 808 4108 erant
827 4075 843 4110 a
865 4055 1005 4124 Scaligcro
1020 4054 1054 4106 ad
1069 4053 1214 4122 marginem
1229 4053 1291 4105 edi·

168 4125 246 4179 tionis
264 4125 382 4193 Aldinae,
400 4136 483 4184 sumta
501 4149 516 4185 e
534 4131 591 4188 cod.
609 4139 691 4200 msto;
709 4133 852 4205 exemplum
869 4133 933 4186 illud
951 4133 990 4186 cd.
1015 4130 1075 4186 Ald.
1093 4134 1242 4184 asservatur
1260 4129 1290 4184 in
1376 4123 1379 4166 l

168 4194 232 4251 bibl.
248 4195 417 4266 Havuiensi.)
439 4199 444 4208 ’
1376 4209 1378 4238 ¹

123 4265 168 4329 Jo.
192 4267 261 4330 Em.
283 4267 524 4330 Hebcustreit
548 4268 618 4352 περὶ
643 4265 882 4356 α’ναφωνήσεως,
907 4275 944 4333 de
966 4269 1185 4343 declamatione,
1213 4271 1289 4328 anti-

166 4369 239 4426 quae
274 4357 464 4428 gymnasticae
485 4361 583 4434 parte,
617 4357 654 4415 ad
679 4357 763 4416 Pauli
786 4358 941 4436 Aeginetae
970 4357 990 4422 l.
1012 4352 1040 4416 l.
1063 4376 1086 4420 c.
1110 4351 1163 4416 19.
1187 4372 1287 4432 progr.

165 4433 243 4514 Lips.
270 4431 391 4517 (1753.)
418 4434 447 4498 4.

44 4622 135 4648 Α
