2788 4884
624 295 836 362 Medicamenta.
1256 290 1318 354 199

141 443 194 504 Jo.
227 443 326 504 Heinr.
359 444 540 506 llierbaeb
568 449 614 507 die
640 455 774 508 neuesten
805 448 1028 525 Entdeclrnngeo
1061 449 1089 507 in
1121 450 1170 508 der
1197 447 1315 507 Materia

193 531 311 588 medica.
354 530 414 587 Fiir
438 533 597 608 pralrtische
621 531 725 592 Aerzte
749 536 894 609 geordnet.
920 530 1175 610 tnbtnnluogeo.
1200 533 1315 592 Heidel-

194 615 268 690 berg
288 609 379 675 1827.
403 610 494 674 1828.
513 611 543 674 8.
561 651 603 660 -
619 617 719 676 Editio
732 620 820 676 altero
834 619 932 682 emend.
952 625 977 676 et
993 623 1090 676 conb'n.
1101 620 1169 679 ibid.
1184 612 1273 678 1837.
1285 613 1314 676 8.

195 697 269 760 (Cir.
289 710 393 764 quoqne
411 697 532 750 Auctoris
550 697 739 767 diligentissimi
756 699 862 752 notitias
880 699 1001 752 collectas
1019 700 1052 750 de
1069 699 1176 752 historia
1195 699 1314 768 pharma-

195 762 317 832 cologiaa
332 772 359 816 et
375 765 538 834 pharmaciaa
552 767 649 820 veteris
664 776 691 820 et
705 767 891 821 recentiorisin
903 769 1002 839 Geigcr
1019 769 1150 840 Magaris
1159 771 1211 836 sair
1229 767 1315 819 Pbor-

194 831 395 886 mucie1824s
415 874 421 888 .
440 836 491 890 ool.
512 835 561 887 Vll
579 853 629 904 sq,
647 838 674 889 in
692 837 815 889 Bucbner
841 838 981 904 Repertor.
1001 841 1051 903 scir
1074 837 1230 888 Pborrnacie
1250 833 1316 888 1899

193 920 236 970 sq.
252 903 305 953 ool.
330 851 423 953 xxllt
444 920 492 970 sq,
511 903 536 956 in
555 905 696 973 Huseland
712 907 825 958 Journal
843 907 869 960 d.
882 907 971 958 Heillr.
991 905 1054 958 1831
1065 923 1102 972 sq.
1119 908 1172 960 aol.
1190 904 1315 960 nxxlll.

191 989 235 1038 sq.
253 979 280 1022 et
296 969 373 1033 alibi3
392 971 471 1023 multa
488 972 565 1040 hujus
583 974 684 1040 generis
703 973 783 1027 babet
806 991 912 1044 qnoque
937 974 1020 1042 ejusd.
1043 974 1169 1042 synopsis
1185 975 1317 1026 materiae

189 1041 317 1094 medicae.
353 1039 472 1095 Heidelb.
492 1041 558 1098 1841
575 1059 613 1112 sq.
632 1042 671 1107 8.)

416 1219 471 1292 e.
537 1193 1051 1294 momumento.

137 1384 218 1445 Chr.
252 1383 350 1462 Stepb.
382 1383 544 1443 Schellel
575 1404 671 1463 progr.
703 1386 739 1444 de
764 1387 874 1443 diversa
894 1385 972 1462 praxi
994 1384 1118 1455 medica,
1144 1401 1179 1442 ex
1206 1384 1315 1442 diverso

189 1469 293 1528 medici
326 1475 562 1546 temperamento,
596 1471 717 1546 hincque
750 1471 831 1529 variis
861 1471 1000 1528 vanorum
1026 1468 1213 1528 remediorum
1241 1468 1315 1528 latis.

190 1553 400 1630 Grypbiswaldi
423 1548 513 1616 1748.
534 1549 565 1616 4.

136 1671 189 1680 -
201 1671 245 1682 —-
252 1657 348 1714 progr.
360 1639 396 1695 de
407 1639 470 1696 satis
482 1640 745 1696 medicamentorum
756 1637 957 1699 roborantium.
970 1634 1175 1713 Grypbiswaldi
1188 1629 1280 1698 1745.
1288 1629 1316 1694 4.

136 1754 190 1766 --
210 1755 249 1766 -
267 1741 363 1800 progr.
386 1723 422 1779 de
442 1723 508 1780 fatis
530 1724 793 1781 medicamentorum
820 1723 848 1780 in
870 1740 989 1797 genere,
1013 1728 1043 1779 et
1065 1721 1094 1778 in
1115 1721 1207 1797 specie
1228 1720 1317 1778 vomi-

189 1807 337 1878 toriorum‚
361 1809 551 1884 purgantium,
573 1807 762 1884 lapidosorum
784 1812 813 1865 et
834 1807 1007 1878 martialium,
1030 1824 1065 1864 ex
1085 1805 1232 1883 supposita
1253 1804 1317 1864 illo-

190 1911 256 1950 rum
275 1891 303 1948 vi
325 1891 462 1952 absoluta.
500 1892 707 1968 Gryphiswaldi
731 1886 823 1951 1747.
848 1888 878 1948 4.

138 2009 191 2022 —
216 2007 260 2018 -
277 1976 342 2034 diss.
374 1976 410 2033 de
435 1976 499 2034 latis
530 1977 796 2034 medicamentorum
818 1975 1004 2052 chymicornm
1025 1974 1142 2034 sinistris
1162 1993 1197 2034 ex
1219 1975 1317 2034 immo-

191 2060 262 2119 dicis
281 2059 389 2117 illorum
414 2059 550 2119 laudibus.
573 2061 594 2120 Ι.
617 2061 652 2120 11.
686 2060 895 2139 Gryphiswaldi
917 2054 1009 2121 1753.
1031 2054 1060 2116 4.

139 2143 225 2206 Dan.
251 2144 335 2207 Wilb.
364 2144 501 2203 Triller
526 2145 687 2204 exercitatio
709 2147 747 2203 de
769 2145 916 2221 clysterum
943 2143 1124 2202 nutrientium
1151 2144 1318 2219 antiquitate

190 2240 222 2288 et
241 2247 302 2291 usu.
334 2228 431 2370 Vibebd
450 2224 539 2288 1750.
565 2225 595 2288 4.
621 2263 661 2274 -
682 2229 770 2288 Redit
780 2232 811 2288 in
833 2229 932 2304 Ejusd.
955 2228 1078 2307 Opuscc.
1105 2227 1168 2286 Vol.
1182 2228 1202 2286 l.
1225 2222 1318 2288 1766.

141 2334 254 2458 Aulon.
275 2397 442 2473 Densing
462 2398 499 2456 de
515 2417 618 2457 manna
642 2403 672 2456 et
692 2396 832 2455 saccharo.
856 2396 993 2472 Groniog.
1007 2389 1216 2454 1659.12.-
1233 2395 1320 2453 Redit

189 2487 222 2541 iu
253 2482 360 2544 Fasclc.
401 2481 531 2542 Disserli.
564 2484 632 2543 ibid.
666 2478 757 2541 1000.
794 2477 841 2539 12
882 2493 1053 2560 (Sncchnrum
1071 2497 1187 2546 veterum
1205 2499 1232 2544 et
1248 2493 1317 2545 Ara-

191 2566 252 2617 bum
270 2573 297 2616 et
314 2564 411 2616 siccum
430 2573 458 2616 et
474 2563 596 2633 liquidnm
615 2581 631 2615 a
649 2571 738 2615 nostro
757 2562 881 2627 differr03
899 2561 963 2630 vida,
978 2578 1058 2630 supra
1082 2578 1143 2631 pag.
1167 2561 1226 2626 108,
1245 2559 1318 2625 109.)

146 2638 253 2696 Claud.
275 2635 471 2694 Salmasius
500 2636 625 2710 (Claude
647 2636 805 2714 Saumaise)
834 2637 870 2692 de
902 2635 1033 2692 saccharo
1060 2639 1089 2691 et
1113 2652 1215 2690 manna
1241 2653 1318 2692 com-

192 2722 350 2782 mentarius.
393 2719 480 2780 Paris,
505 2715 594 2778 1663.
617 2715 647 2779 8.
684 2734 751 2796 (Cir.
778 2733 811 2784 de
835 2747 927 2784 munna
949 2731 1076 2799 quaedam
1107 2735 1215 2782 auctore
1239 2729 1315 2782 Dier-

191 2801 259 2854 bacb
276 2801 304 2854 in
324 2801 423 2870 Geiger
440 2803 488 2854 Mu
511 2801 573 2852 auin
584 2806 609 2869 s.
630 2802 786 2854 Pharnacis
806 2800 881 2856 1826.
901 2801 977 2852 Febr.
993 2817 1021 2868 p.
1038 2799 1094 2868 97.)

142 2875 237 2936 Marc.
259 2873 374 2933 Stanisl.
402 2873 461 2930 Jos.
487 2819 658 2949 [adgers
688 2875 754 2933 diss.
775 2875 868 2949 inaug.
894 2874 931 2930 de
958 2874 1161 2930 medicamento
1188 2874 1317 2930 novanti-

190 2979 248 3035 qno
279 2955 405 3015 Arabum
435 2958 591 3016 Tebaschir
616 2959 700 3017 dicto.
747 2958 878 3034 Gotting.
902 2952 992 3017 1791.
1018 2953 1049 3019 8.
1078 2961 1255 3029 (saccharum
1283 2979 1316 3013 ex

192 3039 325 3092 Arundina
342 3039 475 3105 Bombos.)

142 3114 235 3190 Casp.
256 3111 394 3170 Baubin
417 3113 453 3169 de
480 3111 580 3188 lapidis
605 3111 708 3168 bezoar
737 3110 887 3170 Orientalis
914 3117 943 3169 et
971 3106 1160 3168 Occidentalis
1185 3111 1316 3169 conveni-

190 3198 265 3256 entia
290 3197 392 3254 cervini
421 3196 486 3254 item
514 3201 542 3252 et
571 3195 727 3253 Germanici
750 3203 831 3270 orta,
857 3200 973 3267 natura,
1006 3195 1169 3252 differentiis
1194 3215 1315 3269 veroque

190 3301 242 3340 usu
267 3299 301 3338 ex
323 3287 448 3338 veterum
468 3286 497 3337 et
510 3281 694 3338 recentiorum
714 3279 832 3357 placitis.
867 3278 951 3342 Basil.
969 3274 1060 3339 1613.
1072 3275 1119 3352 8.;
1139 3279 1206 3339 ibid.
1224 3275 1314 3338 1625.

189 3360 308 3460 (1699.)
330 3360 359 3423 8.
386 3368 520 3438 (Copiosa
542 3369 666 3421 collectio
693 3378 721 3420 et
743 3370 778 3420 ad
802 3367 943 3420 historiam
965 3368 1042 3435 hujus
1057 3367 1238 3420 medicaminis
1261 3369 1315 3420 uti·

138 3447 222 3662 loll}⁸
213 3447 473 3661 g}n;{4313lulgsch
493 3517 530 3574 de
555 3515 700 3574 effectibus
723 3516 779 3594 opii
805 3515 933 3574 analecta
953 3515 1094 3574 historica.
1122 3513 1197 3574 Dies.
1219 3516 1314 3594 inaug.

219 3623 253 3664 a.
360 3645 367 3659 .
416 3645 423 3660 .

141 3690 216 3750 Em.
238 3687 338 3745 Horn
360 3687 426 3746 diss.
449 3687 485 3743 de
507 3685 564 3763 opii
585 3684 673 3742 abusu
698 3689 757 3742 tarn
778 3689 905 3764 respectu
927 3685 1028 3742 veteris
1046 3703 1130 3760 qnam
1147 3702 1238 3742 norae
1255 3703 1315 3744 me-

191 3773 316 3866 dicorum
338 3771 489 3828 doctrinae.
534 3770 625 3833 Viteb.
648 3763 740 3828 1804.
766 3765 795 3828 8.
836 3774 931 3842 (Circa
954 3773 1011 3842 opii
1032 3789 1108 3826 usum
1132 3773 1161 3826 in
1182 3773 1315 3827 medicina

142 3853 571 3999 Callmdnullnl'bngnannss
600 3924 637 3981 de
663 3924 729 4002 opio
754 3922 880 3982 analecta
907 3922 1046 3999 quaedam
1077 3922 1222 4001 historica,
1248 3923 1314 3986 diss.

190 4011 283 4086 inaug.
326 4007 404 4086 Lips.
431 4002 522 4069 1815.
544 4001 573 4064 4.

143 4095 240 4173 caph.
264 4093 353 4153 Andr.
377 4093 549 4150 Christen
578 4092 672 4169 opium
701 4092 845 4167 historice,
872 4091 994 4150 chemise
1020 4096 1049 4147 et
1076 4089 1316 4169 pharmacologice

189 4179 394 4254 investigatum.
427 4175 503 4236 Diss.
524 4177 619 4252 inaug.
646 4177 732 4236 Pesth
756 4171 845 4236 1819.
871 4171 900 4234 8.
928 4209 972 4219 -
1000 4171 1069 4233 Νου.
1091 4180 1135 4235 tit.
1166 4177 1317 4234 Commen-

190 4265 260 4322 tatio
287 4271 341 4322 etc.
362 4262 485 4320 Vindob.
508 4255 600 4319 1890.
621 4256 650 4319 8.

144 4349 213 4412 Car.
234 4349 294 4406 los.
316 4347 424 4408 Stehr
450 4347 487 4404 de
510 4346 622 4405 mutatis
646 4365 697 4425 per
724 4363 804 4404 usam
825 4344 934 4403 corticis
957 4343 1101 4423 peruriani
1122 4343 1317 4422 systematibus

190 4434 314 4494 medicis.
357 4432 422 4492 Hal.
445 4426 535 4492 1799.
556 4426 586 4490 4.
643 4499 646 4522 Ι
