2766 4878
571 227 711 292 Medicina
732 231 840 298 biblica.
1224 229 1287 296 103

159 381 337 458 macologiae
367 397 478 457 sacrae,
508 383 546 442 de
567 385 736 462 antioona,
763 385 854 444 cicuta
881 392 909 445 et
935 385 1012 464 pisce
1034 404 1143 462 magno
1173 385 1286 448 Tobiae

160 468 221 524 sive
235 466 331 538 aduro,
350 485 384 525 ex
400 468 488 526 tribus
502 479 620 528 naturae
630 471 723 545 regnis
735 470 902 530 desumtum.
933 469 1138 547 Grypbiswald.
1151 465 1243 534 1708.
1254 469 1282 534 4.

162 545 286 614 (Majoris
305 547 390 616 operis
408 548 570 618 prodromo,
588 551 657 620 quod
674 551 756 603 lucem
773 551 901 620 publicam
918 567 969 604 non
981 551 1125 620 adspexit.)

114 617 163 681 Jo.
189 619 248 677 Jac.
269 620 366 680 Bosa
386 622 469 698 (resp.
493 621 651 682 Hickmann
675 618 743 704 etc)
765 624 801 682 de
821 624 982 700 potionibus
1004 625 1152 682 mortiferis
1176 627 1214 686 ad
1235 645 1284 686 va·

161 703 219 762 rios
241 704 402 783 Scripturas
421 705 510 777 locos,
531 707 597 770 diss,
619 707 641 770 1.
663 714 692 766 et
714 707 748 771 II.
791 705 870 787 Lips.
894 702 984 768 1736.
1008 702 1100 772 1737.
1126 705 1155 774 4.

310 835 397 933 bb.
429 793 778 926 nlrnerorooeoo
802 843 850 910 et
873 839 1092 912 cnemeco.

114 953 162 1014 De
186 955 241 1014 llll
261 959 379 1032 gemmis
400 958 542 1016 rationalis
563 961 660 1018 summi
681 961 835 1020 sacerdotis
855 961 1011 1021 Hebraeor.
1037 963 1085 1021 lib.
1112 963 1150 1020 ad
1171 961 1282 1022 Diodo-

157 1060 230 1098 rum.
261 1041 359 1100 Prodit
383 1062 458 1101 nunc
477 1046 567 1121 primo
593 1065 628 1104 ex
648 1046 764 1123 antiqua
788 1046 915 1105 versione
942 1047 1027 1106 latina
1053 1049 1148 1106 studio
1179 1047 1282 1108 Franc.

157 1125 336 1202 Fogginii.
379 1127 462 1189 Rom.
486 1124 577 1192 1743.
601 1127 631 1193 4.

13 1235 14 1242 ¹
112 1205 206 1268 Andr.
227 1211 335 1270 Bacci
358 1211 385 1270 le
406 1212 460 1270 Xll
485 1215 574 1290 pietre
594 1215 718 1292 pretiose
744 1213 770 1272 le
792 1214 869 1290 quali
894 1216 1076 1274 adornavano
1097 1216 1106 1274 i
1127 1217 1283 1276 vestimenti

158 1295 206 1354 del
225 1315 333 1354 sommo
355 1298 501 1355 sacerdote
527 1304 578 1358 etc.
601 1299 684 1358 Rom.
711 1293 801 1360 1587.
822 1295 854 1364 4
885 1332 929 1344 -
956 1298 1060 1358 Labie
1084 1307 1148 1360 uest
1175 1300 1282 1377 Wolig.

12 1399 15 1450 g
158 1379 418 1439 Gabelchover.
444 1381 576 1446 Francos.
600 1378 691 1442 1603.
708 1378 737 1446 8.

12 1503 13 1546 T
111 1463 174 1522 Iac.
201 1465 297 1522 Scho
304 1485 323 1543 p
330 1485 395 1543 per
416 1466 529 1526 biblisch
553 1466 865 1545 EdelgesteinbirchleIn
894 1473 947 1532 etc.
991 1465 1102 1530 Nirrnb.
1129 1463 1282 1528 160412.

159 1546 226 1608 Cum
238 1549 314 1626 figg.
339 1551 415 1626 ligno
434 1553 512 1616 iude.

11 1687 13 1712 Ι
112 1633 159 1691 Jo.
183 1635 343 1712 Spencer
367 1636 437 1693 urim
459 1642 488 1694 et
512 1637 666 1700 thummim.
710 1633 873 1711 cantabrig.
897 1628 987 1697 1670.
1010 1629 1039 1696 8.

11 1713 14 1780 l
111 1717 217 1776 Matth.
244 1717 365 1776 Hiller
386 1720 422 1778 de
451 1722 569 1796 gemmis
592 1721 647 1780 xu
674 1720 703 1778 in
731 1721 867 1798 pectorali
895 1719 999 1778 Pontii.
1026 1719 1115 1782 Hehr.
1157 1718 1282 1796 Tubing.

156 1797 251 1869 1698.
275 1799 305 1865 4.
330 1837 373 1848 -
394 1801 510 1864 Accedit
529 1807 559 1864 S.
580 1804 810 1883 Epiphanius
831 1806 869 1862 de
888 1803 943 1862 XII
970 1805 1087 1881 gemmis
1108 1822 1170 1862 cum
1193 1805 1283 1860 anim-

156 1887 346 1952 adversionib.
368 1887 412 1949 CI.
425 1889 594 1948 Salmasii
611 1895 640 1948 et
656 1890 736 1948 aliar.
768 1889 892 1966 Tubing.
919 1884 1010 1948 1698.
1031 1883 1061 1951 4.
1104 1893 1175 1962 (Cic.
1197 1893 1281 1944 Conr.

157 1969 291 2021 Gesner
309 1969 342 2020 de
358 1968 440 2022 fossil.
458 1969 553 2038 Tignr.
572 1969 646 2023 1565.
670 1969 707 2037 8.)
1284 1970 1286 1975 ’

112 2040 158 2100 Jo.
175 2041 263 2101 Henr.
288 2039 519 2102 Lestevenon
541 2044 577 2101 de
592 2043 707 2120 gemmis
724 2042 752 2100 in
769 2040 903 2118 pectorali
926 2047 980 2100 etc.
1005 2059 1058 2100 nec
1075 2059 1134 2100 non
1155 2041 1192 2100 de
1211 2039 1282 2119 lapi-

156 2126 214 2183 dih.
237 2125 275 2184 ad
296 2125 397 2184 Esaiae
418 2121 469 2203 54,
491 2146 518 2186 v.
544 2121 594 2186 ll.
618 2123 665 2185 12.
709 2124 825 2184 Amstel.
852 2119 943 2184 1736.
966 2120 995 2184 4.

112 2210 188 2268 Geo.
212 2209 285 2268 Guil.
308 2209 518 2269 Dietericus
540 2211 711 2270 duodenium
733 2229 849 2268 sacrum.
886 2208 1046 2286 Numburg.
1072 2203 1163 2269 1714.
1188 2205 1219 2272 4.

111 2295 158 2353 1ο.
171 2295 268 2352 Joach.
280 2295 512 2354 Bellermann
534 2297 580 2354 die
596 2296 675 2354 Urim
693 2297 750 2352 und
762 2295 933 2367 Thumnrim,
945 2295 991 2352 die
1005 2295 1124 2353 iiltesten
1135 2294 1280 2358 Gemmen.

154 2378 249 2438 Berlin
268 2373 359 2440 1824.
372 2374 400 2438 8.
429 2378 459 2438 C.
483 2383 557 2438 icone
578 2383 655 2457 picta
679 2382 803 2437 sectilem
824 2377 857 2441 S.
880 2377 1036 2436 Sacerdotis
1058 2379 1203 2437 exhibente.

111 2464 179 2526 Car.
201 2461 268 2526 Ant.
288 2461 453 2542 Napione
474 2466 607 2523 memoria
628 2465 671 2522 sul
692 2464 815 2522 lincurio.
858 2463 941 2522 Rom.
969 2457 1060 2522 1795.
1085 2458 1115 2521 4.

111 2549 184 2612 Geo.
211 2548 319 2625 Wolfg.
337 2548 462 2608 Wedel
484 2550 521 2608 de
545 2551 653 2626 iaspide
674 2549 836 2626 scripturae.
856 2553 859 2568 ¹
880 2547 942 2606 Jen.
965 2541 1167 2610 1700.·4,-
1183 2543 1280 2604 Recus.

151 2637 183 2691 in
206 2632 306 2691 Wedel
327 2633 425 2696 Exere.
451 2633 525 2694 med.
551 2633 647 2711 philol.
684 2633 764 2692 Ceut.
785 2633 807 2694 1.
831 2633 890 2690 dec
914 2627 965 2692 10.
990 2651 1018 2689 n.
1041 2625 1071 2690 8.

109 2716 180 2777 Paul
202 2717 224 2775 S
231 2717 309 2795 perl
338 2718 374 2775 de
398 2719 484 2776 sacris
506 2719 615 2777 fabricis
640 2717 782 2776 metallicis
804 2716 947 2795 speciatim
972 2715 1108 2791 ferrariis,
1140 2715 1178 2773 ad
1207 2713 1279 2772 titul.

152 2802 266 2860 Codicis
288 2802 324 2859 de
339 2802 411 2860 fabri
435 2803 572 2864 censibus.
616 2801 683 2862 Ulnr
708 2795 801 2862 1743.
821 2794 850 2864 4.
881 2811 884 2818 ’

108 2886 154 2946 Io.
176 2885 321 2965 Rudolph.
346 2885 502 2946 Glauber
528 2889 565 2946 de
598 2885 661 2945 ula
692 2885 805 2962 artista,
837 2885 889 2942 wie
916 2884 962 2942 die
992 2883 1086 2941 wahre
1111 2881 1280 2960 spagirisehe

150 2971 272 3030 Medicin
295 2971 347 3030 der
368 2969 444 3029 alten
464 2968 635 3050 Aegyptiae,
667 2991 699 3030 so
731 2971 775 3029 bei
801 2969 922 3029 tausend
952 2967 1056 3026 Jahren
1081 2965 1218 3044 verloren,
1243 2986 1279 3024 nu

152 3075 298 3118 emeuern.
340 3051 519 3114 Amsterdam
542 3051 634 3120 1668.
660 3051 690 3119 8.
723 3059 777 3128 (Αὰ
805 3057 934 3112 chemlam
955 3064 984 3110 ct
1005 3056 1174 3123 alcbemism3
1207 3073 1235 3112 v.
1263 3058 1278 3110 1

110 3133 468 3282 Gelollglllollflgfllledel
492 3208 705 3286 propempticon
728 3209 765 3266 de
801 3207 863 3266 Elia
892 3207 990 3265 artista
1022 3203 1099 3263 l-
1120 3204 1170 3268 Ill.
1215 3204 1277 3264 Jen.

8 3319 9 3352 r
152 3287 244 3354 1718.
272 3287 363 3354 1719.
389 3286 419 3353 4.
442 3297 498 3364 (An
523 3297 649 3350 chemicis
674 3297 887 3349 adnumerandus
915 3295 992 3348 Elias
1016 3295 1175 3364 propheta.)

8 3357 10 3472 ἐ
108 3377 183 3436 Petr.
209 3375 278 3439 Adr.
315 3375 421 3434 Gadd
453 3377 490 3436 de
524 3377 590 3436 latis
626 3377 757 3436 scientiae
777 3377 915 3436 chemicae
943 3375 995 3434 sub
1021 3375 1129 3454 epocha
1153 3375 1277 3433 Petrum.

149 3461 250 3520 Aboae
275 3453 366 3520 1763.
392 3453 423 3524 4.

423 3609 488 3663 cc.
530 3590 738 3663 Plantae
751 3591 963 3663 biblicae.

109 3696 242 3756 Edmund
263 3694 455 3754 castellos
476 3697 566 3754 oratio
590 3715 676 3774 super
698 3692 775 3753 Aria
798 3715 858 3758 can.
880 3695 927 3768 II„
951 3713 1008 3772 qna
1028 3693 1074 3752 via
1092 3693 1276 3773 praestmitur

150 3801 184 3840 ex
209 3781 390 3860 scriptoribus
421 3779 601 3839 orientalibus
629 3779 728 3839 clarius
753 3782 900 3838 enarrandi
930 3780 1140 3856 botanologiam
1171 3779 1275 3838 Sacrae

8 3925 9 3936 ,
150 3867 320 3944 Scripturae.
363 3863 458 3928 Lond.
480 3859 571 3927 1657.
594 3860 703 3945 (1667)
724 3859 753 3922 4.

8 3939 9 3998 l
109 3947 204 4012 Levia,
237 3947 405 4009 Lemnius
437 3949 644 4008 similitudinum
671 3968 704 4008 ac
737 3947 943 4027 parabolarum,
974 3949 1097 4026 quaein
1123 3948 1214 4006 bibliis
1239 3967 1274 4007 ex

149 4035 243 4094 herbis
271 4041 358 4109 atque
378 4034 522 4092 arboribus
547 4035 740 4107 desumuntur,
766 4033 921 4112 explicatio.
964 4033 1107 4113 Autwerp.
1125 4029 1217 4093 1563.
1243 4028 1272 4091 8.

148 4120 216 4178 ibid.
240 4114 332 4178 1569.
349 4113 380 4178 8.
412 4118 555 4198 Erphord.
582 4113 672 4177 1581.
695 4114 726 4180 8.
760 4117 799 4176 ib.
839 4113 930 4181 1584.
952 4114 981 4181 8.
1013 4132 1084 4196 eecp.
1110 4151 1152 4166 -
1175 4115 1273 4175 Ets'nm

144 4204 248 4283 pluries
261 4223 318 4263 cum
337 4201 493 4261 Vallesii
517 4201 694 4282 philosophia
714 4220 803 4262 sacra.
818 4235 860 4247 -
870 4202 956 4280 Aegl.
966 4210 1032 4267 cert.
1049 4202 1152 4265 Thom.
1174 4199 1272 4260 Neu·

147 4299 223 4348 tou:
250 4308 287 4348 an
310 4268 409 4347 herbal
434 4289 481 4348 lor
500 4289 550 4348 the
570 4287 659 4347 Bible.
691 4287 785 4352 Lond.
810 4281 903 4348 1587.
924 4283 955 4347 8.
988 4292 1121 4361 (Plenior.
1145 4289 1271 4348 biblicar.

148 4369 307 4426 enumeratio
325 4385 383 4424 eum
400 4368 523 4442 descript.
542 4375 569 4426 et
586 4367 769 4440 etymologia)
1364 4395 1365 4404 .
