2788 4884
561 255 704 328 Medicini
723 266 844 346 publica.
1229 267 1292 334 205

111 421 228 486 Friedr.
251 418 415 500 Kappler
439 419 600 480 Handhuch
615 383 667 478 der
686 419 827 480 Litcratur
841 419 892 478 des
903 419 1126 482 Crimiaalrechts
1143 425 1203 483 und
1225 425 1291 484 des-

161 527 213 565 sen
243 506 481 586 philosophischer
510 507 571 564 u'nd
597 505 807 564 mediciniseher
838 505 1161 566 Hiilfswissenschasten.
1197 511 1291 568 Stult-

184 598 229 650 art
252 587 343 652 1838.
367 586 396 650 8.

150 613 205 820 d.
262 719 607 839 Madiama
630 720 905 840 publico
937 719 1259 820 veterum.

113 877 211 955 lguaz
231 877 335 936 Kahn
366 878 435 934 tiber
456 877 511 933 den
532 875 926 1017 medicinisclp-polizeiliphen
950 877 1019 935 Sino
1042 877 1093 934 der
1113 876 1290 935 Mosaiscben

163 963 273 1106 itit
273 963 391 1104 ilbi?
394 956 1135 1122 111ζῖ11ἃῖ84·(11611111.83161...Νὸ1.
1147 961 1291 1120 tulit

162 1127 258 1180 Judaei
277 1134 303 1180 et
321 1129 385 1180 bane
403 1125 525 1179 instructi
543 1129 628 1194 opus.)

113 1200 156 1260 E.
178 1201 258 1276 Benj.
280 1201 336 1261 Gli.
359 1199 596 1258 Hebenstreit
618 1215 701 1254 curae
721 1196 847 1254 sanitatis
869 1195 996 1274 publicae
1017 1199 1094 1275 apud
1108 1203 1217 1256 veteres
1241 1217 1290 1257 ex-

163 1286 264 1363 empla.
300 1284 377 1362 Lips.
404 1278 495 1344 1779.
522 1277 552 1344 4.
579 1315 621 1324 —
650 1281 770 1356 Ejusd.
800 1301 884 1339 curae
912 1289 964 1340 etc.
993 1280 1160 1341 Dissertatio
1191 1284 1289 1342 altera.

162 1369 242 1447 LipS.
266 1363 357 1430 1783.
380 1364 409 1431 4.
436 1374 539 1439 (Bonae
567 1369 793 1439 disquisitiones.)

114 1454 209 1516 With.
233 1453 325 1512 David
349 1453 553 1510 Fuhrmann
581 1451 744 1509 historische
769 1447 989 1525 Uutersuchung
1010 1449 1080 1508 iiber
1101 1450 1148 1508 die
1162 1451 1291 1526 Begrhb-

163 1539 317 1616 nisspliitze
337 1540 388 1596 der
399 1537 493 1609 Alten,
522 1537 675 1594 besonders
703 1536 771 1591 iiber
792 1534 843 1590 das
865 1533 1021 1592 Entsteben
1046 1537 1105 1592 und
1127 1537 1182 1593 den
1204 1537 1290 1595 Fort-

164 1643 244 1699 gang
267 1625 317 1680 der
333 1623 520 1680 Gewobnheit
538 1629 619 1678 unter
636 1621 691 1677 den
709 1619 848 1690 Christen,
871 1618 917 1674 die
933 1617 1055 1676 Leicben
1072 1621 1217 1678 innerhalb
1239 1623 1291 1680 der

163 1710 277 1782 Stiidte,
303 1707 390 1764 selbst
413 1726 499 1782 sogar
523 1706 619 1763 indie
644 1704 765 1762 Kircben
792 1723 829 1759 zu
851 1701 1000 1776 begraben.
1034 1703 1119 1762 Halle
1141 1700 1233 1765 1800.
1257 1702 1288 1765 8.

165 1787 307 1856 (Theologi
325 1787 439 1840 auctoris
457 1787 608 1855 opusculum
626 1794 669 1838 sat
687 1785 820 1854 copiosum
838 1790 865 1836 et
881 1784 1028 1849 eruditum.)
1231 1833 1233 1848 ,

113 1860 167 1918 Jo.
196 1861 268 1924 Geo.
293 1860 423 1918 Eccius
450 1861 487 1916 ad
509 1859 600 1935 legem
632 1857 694 1920 Xll,
725 1856 898 1914 tabularum:
926 1855 1066 1916 bominem
1090 1863 1232 1918 mortuum
1259 1859 1288 1918 in

163 1947 236 2003 urbe
260 1964 296 2002 ue
317 1945 434 2022 sepelito
455 1963 527 2002 nave
552 1944 634 2000 urito.
658 1941 736 2020 Lips.
760 1934 851 1999 1786.
877 1934 907 1997 4.

113 2028 155 2088 F.
184 2030 217 2086 Α.
242 2029 522 2103 Kloclrenbring
543 2029 668 2098 Beweis,
700 2027 765 2083 dass
792 2025 838 2082 die
862 2024 973 2100 Regeln
998 2025 1048 2082 der
1070 2024 1213 2101 Ordnung
1237 2026 1289 2084 der

162 2113 320 2172 Mortalittit
345 2115 373 2171 in
400 2114 474 2170 Rom
500 2113 603 2170 bereits
631 2113 660 2168 in
689 2112 744 2167 den
763 2115 856 2166 ersten
876 2109 1101 2166 Jahrhunderten
1127 2112 1178 2168 der
1202 2109 1288 2168 Mon-

164 2199 257 2255 archie
278 2199 402 2255 bekannt
424 2216 553 2272 genesen
577 2196 649 2256 sind.
685 2193 852 2268 Vorlesung.
891 2193 1046 2268 Giittingen
1070 2189 1159 2252 1767.
1177 2190 1207 2255 4.
1232 2201 1289 2266 (Da

163 2277 238 2330 libris
257 2278 421 2331 censualibus
439 2285 468 2330 et
485 2277 585 2344 aliquot
602 2275 666 2327 locis
684 2274 869 2344 pandectarum
888 2281 915 2325 et
937 2275 1138 2340 fragmentorum
1160 2273 1288 2342 Ulpiani.)

112 2351 165 2409 Jo.
188 2352 274 2411 Henr.
302 2351 443 2409 Dauber
468 2350 504 2407 de
525 2355 587 2406 toto
609 2348 773 2424 inspiciendi
794 2346 937 2403 cadaveris
953 2347 1080 2402 instituto
1098 2348 1134 2403 ab
1152 2347 1288 2406 Hebraeis

162 2455 215 2512 per
239 2454 336 2494 manus
360 2435 532 2492 Graecorum
556 2435 593 2491 ad
616 2433 761 2489 Romanos
782 2430 929 2491 translato.
963 2430 1050 2489 Bred.
1074 2426 1165 2489 1646.

114 2521 197 2579 Petr.
220 2520 355 2578 Gerilse
383 2539 479 2596 progr.
511 2537 568 2593 quo
593 2517 795 2594 inspectionem
821 2513 964 2572 cadaveris
985 2515 1013 2572 in
1036 2515 1185 2573 homicidio
1210 2517 1286 2594 apud

161 2605 308 2663 Romanos
334 2603 398 2660 olim
420 2605 448 2660 in
473 2621 525 2659 usu
551 2603 635 2658 fuisse
658 2601 788 2657 ostendit.
843 2599 1000 2657 Helmstad.
1039 2594 1130 2659 1739.
1164 2594 1193 2656 4.
1231 2605 1288 2672 (Ad

162 2684 298 2737 Plutarchi
312 2684 357 2736 vit.
379 2683 481 2736 Romuli
494 2693 521 2735 et
533 2681 661 2747 Gracchi,
673 2681 794 2732 Ciceron.
808 2689 877 2737 orat.
891 2697 939 2749 pro
947 2679 1077 2744 Cluentio,
1092 2680 1209 2734 Senecae
1223 2699 1288 2735 con·

162 2761 291 2818 trovers,
309 2753 417 2806 Sueten.
435 2751 486 2804 Jul.
506 2752 594 2815 Caes.)

111 2826 165 2888 Jo.
192 2826 259 2886 Em.
285 2826 369 2883 Ferd.
396 2823 550 2882 Schulze
570 2821 742 2897 toxicologia
763 2826 903 2890 veterum,
929 2819 1041 2897 plantas
1067 2824 1217 2878 venenatas
1238 2839 1287 2878 ex.

161 2910 260 2968 bibens
280 2910 480 2986 Theophrasti,
501 2907 616 2978 Gelani,
645 2906 833 2978 Dioscoridis‚
863 2904 956 2962 Plinii
971 2904 1147 2980 aliorumque¹
1165 2907 1289 2963 auctori·

161 3000 222 3052 tate
246 2995 283 3052 ad
303 2995 437 3052 deleteria
461 3011 569 3052 venena
589 2991 699 3049 relatas.
752 2990 817 3052 Hal.
841 2983 931 3049 1788.
958 2984 989 3051 4.
1022 2993 1102 3062 (Loci
1125 2994 1288 3064 scriptorum

163 3075 210 3144 qui
227 3075 260 3126 de
278 3075 384 3127 venenis
402 3085 484 3143 agunt
501 3073 683 3126 commentario
701 3071 780 3123 docto
798 3069 914 3136 donati.)

111 3149 155 3211 G.
178 3147 213 3208 E.
237 3147 431 3206 Christiani
458 3147 583 3224 prolusio
615 3145 754 3202 illustrans
785 3141 963 3201 memorabile
989 3142 1074 3200 medii
1101 3143 1163 3201 aevi
1188 3163 1288 3200 monu-

62 3281 67 3284 .
160 3240 301 3308 mentum,
330 3233 406 3307 quod
432 3233 468 3288 ad
496 3231 659 3288 medicinam
681 3229 820 3285 forensem
846 3233 966 3303 spectat,
1000 3227 1178 3304 Responsum
1202 3227 1289 3284 lCto-

161 3336 223 3374 rum
244 3317 473 3392 Moguntinorum
496 3315 591 3373 datum
616 3314 644 3370 in
666 3331 750 3369 causa
769 3311 883 3382 illustri,
917 3310 1001 3384 elogii
1023 3311 1193 3368 medicorum
1218 3311 1289 3369 alio-

161 3420 280 3476 rumque
305 3408 421 3458 uaturae
442 3404 628 3456 scrutatorum
649 3397 745 3453 habito
768 3401 903 3472 respectu.
936 3393 1030 3452 Kilon.
1050 3387 1142 3455 1786.
1158 3389 1187 3452 4.
1218 3401 1287 3466 (Re-

162 3499 286 3550 sponsum
306 3481 339 3533 de
350 3488 435 3600 partu
453 3479 567 3546 legitimo
586 3477 704 3559 quamvis
722 3475 843 3544 praecoci
862 3474 1035 3555 gemellorum,
1056 3490 1121 3542 quos
1135 3491 1202 3528 anno
1217 3475 1285 3530 1433

165 3549 248 3602 edidit
265 3567 332 3602 uxor
379 3548 494 3612 erhardi,
519 3545 641 3616 principis
665 3545 835 3596 slesvicensis
859 3552 887 3595 et
909 3543 1010 3595 comrtis
1034 3543 1067 3595 de
1089 3543 1219 3609 Holstein,
1237 3545 1286 3598 de·

162 3630 332 3741 szrrrpttuprwqx
355 3635 370 3669 a
392 3614 677 3751 pggapgrp9qliplomatis
695 3611 898 3678 membranacei3
924 3612 972 3666 cir.
996 3611 1092 3665 Jenaer
1112 3612 1213 3681 allgem.
1231 3613 1285 3671 Lit.

187 3705 232 3743 οι.
319 3725 326 3739 .
379 3705 448 3742 ar.
520 3725 526 3739 .

145 3825 209 3919 d.
268 3821 614 3920 Medicina
648 3818 918 3940 publico
950 3816 1256 3939 achatium

479 3941 921 4058 singulorum.

112 4091 220 4167 Franp.
242 4091 275 4149 P.
302 4092 527 4151 Cbaumeton
549 4095 673 4169 esquisse
695 4092 848 4166 historique
872 4092 909 4148 de
929 4089 956 4148 la
977 4090 1121 4149 mddecine
1141 4089 1232 4166 legale
1249 4109 1284 4149 en

160 4175 278 4309 ξὸῐδᾶιοὲ
299 4175 379 4323 ggqis)
395 4172 487 4237 1806.
508 4173 539 4238 8.
573 4185 646 4251 (Cir.
669 4183 752 4250 Kopp
772 4181 910 4234 Jahrbucb
932 4179 981 4231 der
1007 4180 1286 4233 Staatsarzneikunda

110 4328 210 4390 Table
231 4329 451 4405 chronologique
476 4330 512 4387 de
533 4335 611 4388 touts
632 4329 671 4387 les
688 4331 771 4399 edite,
796 4297 999 4402 declaratione,
1023 4326 1120 4386 lettres
1142 4331 1283 4405 patentes,

159 4414 248 4472 arrets
273 4414 311 4471 du
332 4414 461 4491 Couseil,
484 4421 587 4472 statuts
608 4421 637 4472 et
656 4413 828 4490 reglemens,
856 4417 1038 4471 conternante
1064 4411 1107 4472 les
1130 4412 1283 4490 medecins,

1279 4613 1333 4626 β
