2788 4884
110 221 173 288 188
562 231 824 313 Oplstlsalmiatrice.

154 376 339 462 antiquispimis
355 378 515 449 temporibus
532 395 615 450 usque
631 379 665 434 ad
678 380 824 464 recentiora
838 378 939 464 potiora
953 379 1055 462 numina
1065 381 1203 440 recenset;
1218 389 1280 495 pap.

155 445 188 500 17
207 463 247 515 sq.
270 448 401 500 indicatur
424 465 471 505 rus.
498 449 758 518 ophthalmologroum
778 449 849 501 Petri
868 449 988 518 campen
1012 463 1068 500 cum
1092 447 1168 516 sugg,
1200 461 1281 513 quo,

152 523 184 567 ut
201 515 319 580 videtur,
339 517 448 570 Lovanii
466 519 509 570 rel
532 517 671 586 Ultrajecti
688 521 863 584 asservatur.)

110 587 146 646 G.
169 587 228 644 Jos.
250 589 339 646 Beer
370 590 537 648 Geschichte
562 592 612 648 der
647 589 844 665 Augenlrnnde
874 588 1032 666 uberhaupt
1058 589 1117 646 und
1146 589 1202 645 der
1223 582 1283 642 Au-

152 672 359 748 genheillunde
379 675 586 734 insbesondere.
624 670 651 732 l.
674 676 753 734 Heli.
797 675 879 733 il'ien
913 669 1004 732 1813.
1039 668 1068 730 8.
1102 679 1219 745 (Parum
1243 673 1283 726 hi·
1365 677 1367 693 ¹

152 753 249 804 storico
276 753 409 824 scriptum,
434 755 533 824 judicia
560 755 647 824 aliqua
670 755 703 809 de
720 755 793 809 libris
811 773 826 808 e
844 753 969 808 medicina
987 753 1101 808 ocularia
1125 753 1187 806 anui
1219 749 1284 804 1812
1366 768 1370 827 p

152 821 294 889 eontinet)

223 959 285 1055 u.
341 959 541 1057 nouae
573 957 1160 1082 oputuorowroorca.

108 1128 153 1191 Jo.
164 1128 253 1192 Henr.
269 1129 396 1206 Jugler
412 1131 595 1190 bibliothecae
607 1132 811 1210 ophthalmicae
828 1134 966 1210 specimen
978 1133 998 1194 l.
1017 1131 1173 1204 Hamburg.
1187 1121 1285 1186 1783.

151 1209 182 1274 8.
199 1246 242 1256 -
260 1214 346 1272 Redit
362 1219 392 1273 io
409 1215 508 1290 Ejusd.
532 1217 676 1294 Opuscula
692 1217 755 1274 bina
780 1217 1049 1289 medico-litteraria,
1074 1216 1191 1273 alterum
1217 1231 1286 1290 spe-

127 1341 129 1344 ·
153 1298 214 1356 cim
237 1298 363 1362 biblioth.
385 1301 541 1378 ophthalm.
563 1303 694 1378 primurn,
718 1321 865 1360 recensens
891 1309 1030 1375 auctores,
1056 1301 1105 1376 qui
1129 1316 1222 1373 usque
1245 1296 1284 1352 ad

152 1381 189 1449 Q.
216 1383 314 1442 Sereni
336 1387 504 1444 Sammonici
525 1393 645 1444 aetatem
667 1387 695 1444 in
715 1387 852 1444 medicina
874 1386 978 1443 oculari
1000 1403 1124 1460 unquam
1145 1384 1282 1455 claruere,

151 1466 268 1526 alterum
290 1470 327 1526 de
355 1469 475 1546 collyriis
500 1478 624 1528 veterum
648 1471 789 1546 variisque
814 1490 910 1530 eorum
936 1469 1109 1528 differentiis.
1141 1467 1223 1545 Lips.
1254 1470 1284 1522 et

151 1550 267 1610 Dessav.
289 1549 413 1630 (1784.)
436 1549 527 1614 1785.
553 1551 582 1613 8.

111 1635 146 1694 G.
158 1635 217 1700 Jos.
240 1638 332 1696 Beer
353 1638 549 1716 Repertorium
568 1638 635 1697 aller
649 1639 691 1695 bis
705 1659 742 1696 zu
758 1637 841 1697 Ende
863 1637 1023 1698 desJahres
1046 1631 1127 1696 1797
1156 1633 1282 1692 ersclsie-

150 1740 241 1780 neuen
258 1723 398 1780 Schrilien
413 1725 482 1781 iiber
506 1725 552 1780 die
574 1722 867 1798 Angenkrankheiten.
922 1721 1034 1796 (Etiam
1056 1723 1101 1778 sub
1119 1721 1209 1778 titulo:
1227 1718 1280 1776 Bi-

151 1805 290 1864 bliotheca
314 1807 501 1884 ophthalmiea
521 1803 589 1889 etc.)
616 1809 699 1866 Wien
722 1803 855 1868 179114.
878 1807 1013 1868 Voll.lll.
1050 1811 1141 1878 (Opus
1162 1827 1214 1861 non
1234 1825 1279 1858 sa·

152 1885 329 2021 titanaequrate
346 1888 506 1940 elaboratum
522 1889 570 1942 sed
588 1890 622 1942 ob
639 1889 672 1943 B.
689 1887 771 1958 ipsius
790 1888 949 1958 aliorumque
963 1887 1065 1958 judicia
1089 1885 1166 1938 hodie
1190 1885 1278 1938 adhuc

151 1971 169 2006 ιι
201 1971 224 2008 e.

166 2115 220 2188 c.
275 2091 866 2212 upucuormoouece
894 2093 1217 2191 veterum.

108 2259 190 2339 Aug(
208 2260 375 2324 Andreae
400 2286 451 2323 zur
472 2266 589 2325 illesten
613 2267 781 2326 Geschichte
808 2268 859 2324 der
880 2265 1142 2342 Augenheillrunde.
1176 2263 1275 2338 Progr.

152 2348 359 2442 (Magdeburg)
386 2345 476 2412 1841.
496 2347 525 2410 8.
546 2363 711 2430 (Medicinam
725 2372 752 2416 et
763 2364 996 2432 ophthalmiatriam
1007 2364 1209 2433 antiquissimam
1221 2365 1275 2414 Aa·

108 2439 309 2562 Frigiyrpugplp:
327 2431 457 2561 11101111
466 2441 501 2561 81
509 2435 1041 2582 lllraseyldtrdgnmdnaddatdpbthalmologia
1065 2524 1115 2562 seu
1139 2502 1275 2560 medicina

152 2585 295 2644 oculorum
316 2595 448 2649 veterum.
482 2590 630 2668 Specimen
653 2590 914 2668 medico-philolog.
947 2589 1014 2648 Hal.
1040 2583 1132 2648 1818.
1155 2584 1186 2650 8.
1209 2592 1275 2660 (Us-

152 2683 204 2735 que
219 2667 253 2718 ad
271 2667 365 2719 saecul.
390 2669 528 2722 secundum
547 2679 608 2739 post
626 2671 779 2737 Christum.)

109 2738 173 2797 Cur,
196 2739 259 2802 Glo.
285 2740 388 2798 Kiihn
410 2743 493 2800 index
514 2745 684 2800 medicorum
707 2744 890 2801 oculatiorem
916 2743 990 2800 inter
1017 2740 1142 2798 Graecos
1167 2739 1273 2797 Roma-

151 2843 271 2899 nosque,
293 2827 475 2902 progrr.!Xl.
512 2827 589 2904 Lips.
617 2824 708 2889 1829.
733 2823 825 2888 1830.
848 2823 877 2886 4.
897 2839 1038 2905 (Esuriens
1064 2837 1274 2907 disquisitionem

153 2905 202 2956 clr.
222 2922 325 2972 quoque
345 2907 409 2956 Elui
429 2908 624 2960 Jolsouoeuu
642 2911 720 2960 lettre
741 2912 849 2976 sacries
870 2910 1042 2976 inscriptions
1066 2909 1097 2960 de
1120 2909 1222 2973 pierres
1237 2907 1274 2958 oi-

151 2975 274 3092 pilloires
285 2976 317 3024 de
333 2976 461 3026 medecina
480 2978 609 3039 oculisne,
630 2979 795 3030 ddcouoertes
813 2981 831 3028 ci
850 2979 967 3044 Ropousa,
992 2979 1084 3040 Vicus,
1102 2975 1236 3027 Brumotlt
1250 2979 1275 3025 et

1372 1161 1374 1245 l

167 3042 295 3109 aguillers
322 3042 348 3092 iu
375 3043 467 3095 Bottia
491 3044 622 3112 meleager
651 3045 859 3114 d'orchaeologie
884 3047 917 3098 de
941 3047 966 3099 la
990 3045 1090 3098 societd
1114 3044 1207 3112 royale
1231 3043 1275 3096 des
1370 3083 1372 3096 .

152 3108 313 3176 antiquaires
331 3111 364 3162 de
382 3111 494 3166 Franco.
530 3113 604 3164 Paris
624 3113 699 3168 1831.
719 3115 762 3182 8.)

107 3181 153 3240 Jo.
186 3179 255 3239 Ero.
282 3183 396 3242 lmman.
424 3185 548 3244 Walch
578 3186 698 3261 sigillum
719 3188 820 3244 medici
847 3185 960 3244 ocularii
984 3185 1104 3244 Romani
1132 3203 1224 3262 nuper
1247 3183 1275 3240 in

150 3285 220 3342 agro
245 3267 358 3327 Jenensi
379 3276 520 3348 repertum
542 3275 571 3328 et
596 3273 837 3330 observationibus
858 3271 1034 3331 illustratum.
1063 3270 1212 3328 Accedunt
1232 3289 1275 3326 re-

150 3351 226 3426 liqua
248 3355 336 3428 sigilla
363 3362 391 3412 et
417 3356 610 3433 inscriptiones
636 3358 808 3414 medicorum
837 3356 1020 3413 oculariorum
1047 3362 1182 3413 veterum.
1215 3354 1274 3411 Jen.

151 3431 242 3495 1763.
254 3434 282 3494 4.
298 3437 362 3496 Cum
376 3439 613 3498 icone—Redit
623 3443 652 3497 io
663 3441 761 3514 Ejusd.
776 3441 956 3515 Antiquitatt.
972 3441 1071 3502 medic.
1090 3439 1185 3497 select.
1211 3438 1273 3496 Jen.
1370 3465 1371 3490 ι

152 3515 244 3580 1772·
267 3522 297 3583 4·
317 3536 384 3600 (cfr.
404 3554 507 3605 quoque
529 3538 557 3590 P.
577 3538 772 3607 Weoselo'og
794 3539 825 3590 de
841 3546 958 3590 veterum
978 3538 1086 3590 medicis
1104 3537 1233 3589 oculoris'o
1250 3535 1276 3588 in
1370 3541 1371 3594 l

152 3602 210 3652 Act.
234 3601 293 3654 Lat.
315 3622 369 3658 soc.
388 3605 493 3658 Jeuens.
512 3613 576 3660 tom.
594 3607 644 3658 lll.
668 3624 692 3676 p.
712 3609 745 3660 53
764 3609 816 3675 sq.)

107 3670 182 3735 Dan.
212 3674 297 3732 Wilh.
329 3677 466 3735 Triller
493 3677 589 3756 progr.
615 3679 652 3736 (le
676 3680 758 3736 variis
788 3680 958 3738 medicorum
984 3676 1276 3758 oculariorumlcolly·

151 3758 209 3829 riis,
230 3777 347 3833 quorum
369 3764 500 3820 memoria
525 3764 553 3820 in
578 3763 675 3840 priscis
701 3764 839 3840 lapidibus
860 3763 997 3842 inscriptis
1025 3764 1118 3820 adhuc
1139 3769 1275 3840 superest

150 3843 243 3900 Viteb.
266 3840 357 3906 177'2.
382 3843 410 3904 4.
433 3843 497 3904 Noa
517 3847 589 3904 redit
609 3850 639 3904 iu
664 3849 786 3926 Opuscc.

108 3927 200 4006 Chph.
234 3930 366 3988 Sarius
394 3933 474 4008 epist.
505 3933 542 3990 de
573 3931 674 3990 veteris
708 3934 805 3991 medici
834 3931 946 3989 ocularii
974 3949 1084 4006 gemma
1113 3929 1275 4008 sphragide,
1369 3937 1370 3944 ³

150 4033 240 4091 prope
265 4013 387 4091 Traject.
410 4017 447 4074 ad
472 4015 544 4073 Mos.
570 4036 660 4094 nuper
682 4024 768 4076 eruta.
812 4016 959 4090 Ultrajeeti
982 4010 1072 4075 1774.
1096 4009 1125 4072 8.

107 4097 153 4155 Jo.
172 4099 259 4155 Henr.
282 4098 405 4176 Jugler
436 4102 473 4159 de
501 4101 619 4178 collyriis
647 4110 788 4175 veterum,
816 4103 954 4176 variisque
983 4119 1080 4158 eorum
1111 4097 1275 4157 differentiis

151 4183 217 4241 diss.
229 4183 324 4259 inaug.
345 4185 465 4244 Birtzow
477 4181 568 4246 1784.
583 4182 613 4246 8.
628 4219 667 4231 -
681 4187 768 4244 Redit
787 4189 818 4244 iu
839 4186 937 4262 Ejusd.
963 4185 1085 4264 Opusec.
1100 4183 1174 4242 bina
1197 4182 1273 4262 Lips.

149 4266 316 4345 ethessav.
339 4265 460 4350 (1784.)
483 4267 573 4335 1785.
599 4267 628 4329 8.

108 4351 259 4412 Tdohon
282 4351 462 4417 d’Anneoi
487 4359 553 4416 diss.
575 4375 623 4415 sur
647 4355 827 4436 l’ioscriptiou
850 4375 973 4433 grecqnc
996 4358 1122 4428 Ιασονος
1143 4359 1272 4425 Auerno,
