2788 4884
118 288 183 356 212
463 292 605 354 Medicina
627 293 752 354 militarit
778 299 808 354 et
830 292 944 359 novelir.

121 443 442 563 xxm.
512 445 920 564 Historia
956 438 1299 563 mediet»

156 628 321 724 rone
350 601 758 722 militante
793 603 879 720 et
905 597 1265 722 nonalis.

434 847 494 920 n.
565 822 977 921 Generatim.

122 1007 159 1073 d.
180 1010 218 1073 G.
240 1031 310 1071 van
333 1011 540 1072 Onsenoort
565 1013 602 1071 de
633 1014 758 1072 militaire
783 1011 948 1088 Chimrgie,
976 1006 1226 1087 geschiedknndig
1250 1003 1299 1061 be-

165 1097 301 1154 schonwd
332 1116 366 1154 en
393 1104 451 1154 met
475 1099 641 1174 betrekking
668 1105 713 1156 tot
737 1097 879 1156 demelver
900 1096 1088 1171 nitoesening,
1116 1112 1175 1150 zoo
1199 1090 1240 1164 bij
1263 1089 1299 1144 de
1374 1117 1375 1122 κ

165 1179 310 1239 Laud-en
336 1181 473 1257 Zeemagt
495 1183 536 1240 ais
557 1184 585 1240 in
608 1185 645 1241 de
669 1182 809 1241 koloniele
830 1183 923 1240 dienst
948 1179 1097 1256 onderling
1123 1173 1298 1252 vergeieken
1374 1217 1375 1250 3

166 1273 217 1325 etc.
244 1265 364 1324 Utrecht
387 1261 477 1324 1832.
502 1263 533 1326 8.
558 1265 623 1324 Cum
647 1267 723 1345 esfig.
744 1269 872 1327 norton'r.
1374 1271 1375 1296 ³

123 1343 169 1407 Da
191 1349 282 1408 ormi
304 1350 394 1428 prdcis
421 1349 719 1428 historico-physiqne
743 1351 894 1428 d’hygiene
922 1347 1036 1420 navale3
1063 1345 1134 1405 snivi
1157 1345 1232 1402 d'un
1253 1358 1298 1398 re·

167 1434 237 1492 cneii
265 1435 426 1512 analytiqne
451 1437 502 1492 des
527 1437 665 1494 meilleurs
685 1437 769 1494 ecrite
793 1435 903 1513 publie'r
923 1453 971 1491 eur
996 1434 1038 1490 les
1065 1436 1182 1509 qnatres
1210 1425 1298 1486 mala·
1373 1487 1375 1506 4

166 1519 287 1577 dientes
314 1521 377 1596 plus
401 1520 580 1578 redoutables
605 1539 660 1578 anx
688 1521 868 1595 navigateurs
891 1519 1058 1597 Europdeno
1083 1537 1117 1576 en
1141 1513 1299 1586 Ame'riqne
1374 1509 1375 1580 i

166 1609 196 1660 et
215 1622 270 1661 aux
295 1603 379 1661 indes
405 1612 456 1666 etc.
485 1604 562 1662 Paris
585 1600 675 1663 1828.
696 1600 727 1663 8.

123 1685 237 1746 Manuel
258 1688 469 1763 Rodriguez
491 1690 607 1748 defense
629 1690 666 1746 de
690 1689 718 1746 la
745 1687 902 1745 litterature
925 1684 1088 1763 Eepagnole
1114 1703 1150 1742 en
1177 1675 1297 1757 gene'ral

166 1779 195 1830 et
220 1790 255 1828 en
277 1771 436 1848 particuiier
456 1775 493 1829 de
514 1773 540 1829 la
562 1773 699 1848 chirurgio
724 1774 858 1830 militaire.
883 1770 995 1829 Mndrid
1022 1770 1122 1844 (Paris)
1146 1759 1243 1824 1822.
1265 1756 1295 1822 8.

166 1853 235 1917 (ctr.
255 1869 359 1922 quoque
377 1853 497 1918 Ejurd.
515 1856 601 1905 notice
618 1872 664 1906 aar
682 1853 812 1906 l'lrirtoire
830 1854 874 1904 der
891 1852 1002 1904 roienooe
1019 1851 1155 1902 medicator
1174 1853 1203 1898 ot
1220 1844 1295 1896 terat

166 1923 254 1974 ootnet
275 1923 307 1972 de
330 1923 358 1972 lo
380 1923 513 1972 medentur
534 1925 663 1974 mititnr're
686 1939 718 1974 en
743 1923 873 1992 Espogne
895 1920 920 1972 in
944 1919 1034 1972 Jouru.
1058 1917 1242 2038 comgiement.
1261 1909 1295 1962 du

167 1989 230 2044 dict.
248 1989 295 2042 der
312 2006 408 2044 octeno.
427 1989 493 2044 med.
514 1991 572 2043 Vll.
598 1991 674 2055 1820,
693 1989 750 2044 oah.
768 1990 810 2045 25.
829 1987 900 2042 Juill.
923 1996 951 2040 et
968 1987 1026 2042 enh.
1045 1987 1086 2040 28.
1137 1984 1224 2050 otob.)

188 2141 251 2239 lr.
308 2140 508 2239 ΠΜ
533 2144 623 2240 ad
647 2143 816 2240 med.
844 2139 1227 2239 mortem-mn.

122 2271 193 2358 Ern.
212 2295 332 2354 Godot'r.
356 2296 558 2373 Baldinger
582 2298 752 2356 introductio
774 2299 802 2355 in
825 2298 953 2354 notitiam
979 2297 1147 2372 scriptorum
1175 2286 1291 2350 medici-

164 2399 219 2438 nae
244 2380 368 2438 militaris
389 2382 507 2440 antehac
527 2383 601 2440 edita
623 2402 698 2440 nnnc
719 2403 786 2440 vero
811 2382 954 2439 limitatior
977 2387 1006 2438 et
1027 2375 1229 2438 additamentis
1255 2370 1289 2430 ab

163 2469 278 2522 auctore
309 2467 411 2524 additis
438 2485 546 2524 recusa.
581 2465 677 2540 Berol.
707 2461 799 2527 1764.
830 2463 861 2526 8.
895 2470 1053 2539 (Adduntur
1074 2469 1176 2520 breves
1203 2465 1290 2517 inter-

164 2543 223 2598 dum
240 2545 328 2601 libror.
349 2548 493 2614 censurae.)

119 2719 173 2794 o.
237 2695 583 2796 Medicina
617 2698 932 2797 militar-tr
964 2695 1287 2794 veientem.

119 2849 151 2910 P.
176 2849 397 2910 Kerkhoven
420 2855 486 2912 diss.
514 2855 550 2911 de
577 2855 733 2914 Machaone
763 2861 792 2911 et
817 2853 957 2912 Podalirio
984 2853 1078 2930 primis
1100 2849 1216 2908 medicis
1237 2843 1287 2904 mi·

161 2935 293 2992 litoribus.
325 2935 463 3012 Groning.
487 2931 578 2996 1837.
601 2935 630 2996 8.
668 2943 753 3008 (Quia
774 2941 845 2994 bello
875 2943 997 3008 Trojano
1023 2940 1137 2992 Graecis
1158 2937 1287 2990 medicem
1357 2979 1363 2996 .

162 3033 238 3084 opem
253 3016 383 3077 tulerunt3
399 3019 447 3068 atr.
464 3017 568 3070 Homer.
580 3018 609 3072 ii.
626 3019 719 3086 plurib.
735 3019 809 3084 locis,
827 3019 897 3074 Cels.
913 3017 1044 3072 demedio.
1055 3017 1111 3069 libr.
1123 3017 1146 3070 l.
1157 3011 1286 3086 praefat.)
1370 3077 1371 3088 γ

119 3087 184 3146 Car.
210 3087 275 3150 Gto,
297 3087 400 3144 Ki'rhn
426 3109 535 3165 progrr.
562 3090 596 3146 X.
620 3091 656 3147 de
677 3094 831 3150 medicinae
846 3091 968 3148 militaris
986 3091 1062 3167 apud
1075 3095 1180 3146 veteres
1196 3087 1286 3143 Grae-
1370 3113 1371 3123 ἢ

161 3191 210 3229 cos
234 3172 435 3247 Romanosque
456 3173 625 3234 conditione.
649 3172 726 3251 Lips.
745 3171 827 3233 1824
846 3168 992 3234 —1822
1017 3170 1047 3236 4.
1073 3177 1239 3246 (Accnretae
1259 3174 1287 3224 et

161 3252 261 3305 auctori
280 3253 400 3322 propriae
419 3253 629 3323 disquisitionem
648 3273 699 3308 non
716 3257 826 3308 redeunt
843 3255 869 3308 in
887 3255 1016 3325 Opnrco.)

235 3405 295 3500 d.
353 3405 849 3528 Empentttones
877 3407 1168 3540 bellicae.

120 3571 290 3649 Dominiqne
316 3574 385 3634 Jenn
418 3578 458 3635 de
486 3577 622 3654 Larrey
647 3580 765 3638 relation
799 3581 953 3654 historique
984 3586 1013 3638 et
1039 3575 1222 3653 chirurgicale
1249 3571 1283 3629 de
1367 3591 1368 3644 j

162 3651 340 3734 l’expedition
362 3663 399 3717 de
420 3661 530 3720 t’nrmde
555 3659 731 3723 d’Orienten
742 3667 856 3744 Egypte
873 3670 948 3723 eten
959 3663 1049 3741 Syrie.
1060 3657 1166 3722 Avec‘Z
1175 3655 1283 3740 planch·
1366 3679 1367 3682 ’

162 3740 242 3800 Paris
262 3763 299 3800 an
318 3744 356 3800 xl
384 3741 490 3818 (1803.
515 3741 620 3822 1804).
646 3743 675 3805 8.

123 3857 164 3870 -
185 3859 228 3871 --
249 3829 394 3886 memoires
416 3831 452 3886 de
473 3830 616 3888 medecine
639 3832 723 3890 etde
744 3831 881 3910 chirurgia
901 3831 1048 3891 militaires.
1063 3835 1141 3888 Areo
1155 3823 1193 3888 17
1205 3826 1282 3907 plan-
1365 3843 1366 3898 j

118 3963 120 3970 ,
164 3911 237 3976 ohes.
264 3912 326 3970 Vol.
355 3914 401 3976 lV.
425 3912 534 3992 [Etiam
555 3915 600 3971 orb
622 3916 715 3974 titolo:
747 3917 829 3975 Mem.
863 3919 900 3975 de
922 3917 987 3974 chit.
1013 3917 1089 3974 mitit.
1117 3922 1146 3972 et
1172 3927 1280 3989 campa·
1364 3915 1366 3970 i

164 4015 234 4071 gneo
259 3998 297 4054 dn
322 3999 416 4056 Baton
444 3996 570 4076 Larrey]
593 3998 669 4057 Paris
693 3995 931 4059 1812-1817.
957 3995 1045 4058 8.-
1069 3998 1196 4055 German.
1218 3997 1279 4054 nort.

163 4087 189 4138 et
209 4083 340 4139 breviavit
362 4083 422 4144 Gir.
450 4083 535 4140 With.
558 4083 712 4142 Becker:
734 4083 1111 4158 medicinisch-ohirnrgisohe
1127 4079 1279 4139 Denkwirr·

108 4167 116 4230 -ξ
163 4165 313 4238 digkeiten.
335 4163 435 4224 ende.
458 4165 555 4246 Leipz.
583 4161 821 4232 1813-1819,
847 4163 876 4232 8,
903 4201 944 4212 --
971 4165 1277 4224 Medicinisch-chirur·

110 4247 113 4254 ’
163 4249 259 4324 gische
281 4250 504 4327 Abhandinngen
534 4252 574 4309 als
595 4250 742 4328 Nachtrag
766 4260 818 4311 etc.
842 4255 932 4314 iibere.
954 4252 1012 4309 und
1034 4251 1084 4309 mit
1111 4249 1201 4327 prakt.
1222 4245 1279 4304 An·

163 4333 267 4394 merldr.
293 4333 425 4409 begieitet
449 4357 503 4394 von
525 4337 622 4398 Heinr.
638 4337 771 4395 -Robbt
797 4337 895 4417 Leipz.
918 4329 1010 4398 1824.
1032 4331 1063 4396 8.
1084 4368 1127 4379 -
1152 4333 1278 4408 Anglirt:

162 4417 290 4494 Surgical
314 4421 431 4478 memoir
451 4421 486 4478 of
502 4422 550 4481 the
569 4422 691 4480 Bursian
712 4424 868 4501 campaign,
891 4413 1174 4499 Philadelph.1831.
1199 4413 1229 4476 8.
