2788 4884
616 279 855 358 thmacologia.
1259 281 1320 347 197

141 426 226 488 Rud.
241 426 392 506 Angustia.
417 430 532 507 Vogel
552 431 668 490 historia
695 434 827 492 materiae
854 433 978 492 medicae
1006 435 1043 492 ad
1071 436 1221 494 novissima
1246 443 1317 496 teru-

191 531 266 590 pora
297 517 445 594 producta.
471 515 566 591 Lugd.
581 517 614 579 B.
638 511 729 578 1758.
741 515 788 590 8.;
813 518 945 576 Francos.
961 525 991 576 et
1006 517 1083 597 Lips.
1102 515 1192 581 1760.
1204 515 1254 594 8.;
1279 523 1317 582 ih.

193 593 289 658 1774.
309 596 356 672 8.·,
379 601 417 662 iu,
434 595 526 661 1784.
547 596 577 660 8.
614 613 684 681 (Ν...
708 623 780 667 recte
798 615 908 668 maora
925 633 957 667 m.
981 633 1014 670 m.
1032 616 1137 681 arcitus,
1156 634 1212 670 cum
1230 619 1317 740 paru·

193 681 372 748 compendium
390 679 615 751 pharmacologiae
632 684 718 748 sistat,
735 685 843 753 antiqua
860 693 889 737 et
905 701 973 736 nora
992 695 1165 754 pertractans,
1183 687 1217 740 ad
1250 689 1317 742 isto·

192 748 259 800 riam
276 750 355 802 multa
373 751 530 817 continens.)

137 817 258 878 Friedr.
287 822 394 880 Gtthilf
410 822 559 898 Voigtel
590 823 794 900 vollstiiodiges
816 825 928 900 System
954 826 1005 884 der
1034 825 1315 902 Araneymittellehre.

189 905 369 982 Herausgeg
393 927 418 964 v.
441 907 511 964 Karl
532 907 597 964 Glo.
620 908 732 966 Kiihn.
758 905 783 966 l.
798 911 852 972 Bd.
874 908 971 986 Leipz.
998 905 1089 973 1816,
1112 907 1141 970 8.
1161 922 1316 986 (Historiam

192 995 222 1038 et
239 987 400 1069 literaturam
418 988 644 1070 pharmacologiae
662 990 793 1057 copiosam
813 989 1133 1072 habetuinintroductione
1149 994 1230 1044 totius
1244 992 1312 1058 libri3

192 1072 325 1177 mlta?
344 1057 1062 1180 dtlhllttllalltltlldlt.‘bladii
1080 1060 1316 1183 ittotai)

191 1139 246 1244 doen
265 1164 495 1246 den'chcmisclrcu
515 1165 681 1246 Heilrlrr'tteln
698 1145 746 1248 cll.
764 1198 816 1250 ool.
836 1197 857 1248 1.
875 1145 943 1264 pllg.
952 1146 1081 1260 34-15tl,
1097 1166 1314 1268 etliupplomant-

192 1262 267 1313 hand
281 1280 348 1333 pag.
364 1262 465 1328 7-393
482 1264 557 1315 Boon
576 1262 652 1318 1825.
670 1263 711 1330 8.;
729 1264 792 1316 ibid.
815 1263 891 1318 1834.
908 1265 949 1329 8.)

135 1332 193 1390 Jo.
222 1335 328 1410 Traug.
350 1333 447 1394 Noth
470 1337 576 1413 optima
596 1337 798 1394 medicamenta
820 1336 943 1394 barbaris
973 1335 1067 1393 deberi
1094 1337 1231 1411 gentibus.
1266 1337 1315 1396 Vr·

189 1420 252 1480 teb.
274 1413 365 1478 1787.
387 1419 416 1479 4.
437 1433 576 1500 (Exempla
595 1441 655 1486 sunt
674 1433 745 1496 Aloe,
764 1433 835 1486 Bals.
853 1432 959 1500 Perua,
978 1433 1076 1500 China,
1096 1433 1232 1500 Columbo,
1250 1436 1315 1489 mo-

192 1515 238 1550 res
257 1499 367 1568 Eryngii
385 1502 463 1568 plani,
483 1501 598 1569 Guajalr‚
615 1502 719 1572 inlapsa,
737 1503 930 1570 lpecacuanhn‚
949 1501 1072 1568 Loheliu‚
1092 1502 1239 1568 Oleander‚
1264 1503 1315 1557 Ni-

191 1569 308 1634 cetiana,
325 1570 434 1622 Pureira
452 1572 543 1632 bravo,
563 1571 687 1636 Quassia,
704 1571 813 1634 Rbeum‚
830 1570 904 1622 Rbus
923 1571 1050 1635 coriaria,
1076 1571 1229 1639 Semirus,
1249 1573 1315 1627 Sar-

190 1637 327 1708 repetitu,
345 1639 457 1707 Senega,
476 1639 654 1709 serpentaria,
673 1641 820 1708 Simorum,
839 1638 957 1710 Spigalia
974 1639 1106 1706 anthelm.)

266 1795 326 1890 b.
385 1794 584 1891 Labra
619 1794 1197 1914 pnurumcomntot.

134 1949 218 2008 Ern.
242 1947 363 2007 Godol'r.
385 1949 590 2024 Baldinger
608 1947 753 2024 catalogus
776 1949 1011 2020 dissertationum,
1033 1969 1107 2026 quae
1128 1951 1315 2008 medicamen·

187 2039 285 2091 torum
321 2034 480 2103 historiam,
512 2035 570 2091 sata
595 2040 624 2090 et
657 2035 727 2090 vires
764 2041 915 2110 exponunt.
966 2033 1133 2110 Altenhurgi
1159 2027 1250 2096 1768.
1284 2029 1314 2093 4.

188 2116 292 2176 Editio
313 2118 401 2176 alteru
422 2119 532 2176 multum
555 2123 650 2175 aucta:
680 2115 853 2176 litteratura
877 2119 1005 2176 universa
1026 2120 1158 2178 materiae
1181 2120 1315 2190 medicae,

189 2203 388 2272 alimentariae,
409 2202 606 2277 toxicologiae,
627 2201 802 2278 pharmaciae
827 2209 855 2260 et
876 2203 1019 2281 therapiae
1047 2201 1200 2279 generalis,
1225 2203 1314 2262 medi-

187 2307 240 2345 cae
261 2294 346 2364 atque
369 2288 549 2362 chirurgicae,
571 2287 744 2362 potissimum
767 2287 932 2344 academica.
997 2286 1141 2362 lllarburgi
1169 2281 1261 2346 1793.
1283 2282 1313 2349 8.

189 2368 289 2430 (Multa
310 2369 416 2436 collegit
434 2377 526 2420 auctor
543 2366 694 2435 praesertim
713 2370 784 2420 circa
802 2367 902 2436 scripta
921 2367 1029 2432 minora,
1048 2367 1121 2419 deest
1139 2369 1272 2420 accuratio
1287 2367 1314 2420 iu

188 2438 275 2490 titulis
293 2437 437 2489 indicandis
453 2435 616 2501 necessaria3
635 2435 676 2488 ed.
697 2436 781 2489 altera
806 2437 885 2488 habet
907 2435 942 2488 20
964 2444 991 2488 et
1011 2435 1063 2490 360
1079 2453 1159 2507 pagg.
1178 2445 1206 2490 et
1223 2447 1312 2506 oyste-

186 2506 307 2559 maticum
325 2507 443 2576 sequitur
461 2505 597 2570 ordinem.)

217 2684 271 2756 c.
329 2658 886 2778 Pharmacotopra
915 2657 1236 2756 ueterum.

136 2833 219 2892 Rud.
243 2831 316 2890 Guil.
349 2831 490 2890 Krause
522 2850 617 2909 progr.
646 2832 683 2888 de
712 2831 859 2888 temerario
891 2831 1067 2906 quorundam
1099 2829 1261 2909 simplicium
1294 2847 1311 2886 a

186 2917 283 2994 priscis
305 2918 562 2975 commendatorum
588 2921 737 2976 contemtu.
781 2915 842 2976 Jen.
873 2911 965 2974 1700.
990 2909 1020 2976 4.
1364 2971 1374 2998 ο

136 2999 234 3062 Andr.
260 3002 305 3064 El.
334 3002 497 3059 Biichuer
523 3000 610 3078 (resp.
632 3000 760 3078 Voigtel)
783 3001 848 3058 diss.
872 3001 908 3058 de
924 3000 1059 3058 obsoletis
1078 2992 1244 3075 quibusdam
1265 3018 1309 3056 re·

186 3088 284 3144 mediis
304 3088 486 3161 frequentiori
508 3105 559 3143 usu
580 3086 766 3143 restituendis.
809 3085 874 3142 Hal.
903 3080 992 3146 1752.
1015 3081 1046 3142 4.

135 3171 165 3228 J.
191 3170 219 3230 J.
249 3170 343 3229 Loos
368 3171 579 3246 systematische
603 3171 815 3244 Beschreibung
835 3171 885 3227 der
905 3188 1002 3227 ausser
1023 3168 1172 3226 Gebrauoh
1192 3167 1308 3242 gehom·

184 3275 285 3312 menen
306 3255 506 3317 Araneimiltel.
550 3255 716 3312 Darmstadt
738 3251 828 3311 1808.
844 3250 873 3312 8.
902 3259 1013 3326 (Parum
1038 3257 1169 3309 historice
1190 3256 1309 3308 conscri-

184 3345 245 3406 ptus
262 3337 327 3389 liber
345 3335 496 3402 Murrayum
514 3335 655 3406 praecipue
672 3334 811 3403 sequitur.)

133 3408 186 3470 Jo.
223 3409 363 3466 Bouros
407 3409 528 3483 (Burus)
573 3409 639 3469 diss.
684 3409 779 3482 inaug.
813 3407 850 3463 de
880 3403 1106 3482 pharmacologia
1134 3403 1306 3462 Graecorum

184 3501 307 3551 veterum
331 3493 359 3550 in
381 3511 492 3567 genere.
524 3491 589 3548 Hal.
610 3487 701 3550 1829.
722 3487 751 3553 8.
781 3503 892 3571 (Auctor
913 3502 939 3554 in
965 3500 1031 3554 Chio
1054 3499 1139 3554 insula
1156 3510 1233 3555 natur
1251 3519 1306 3554 me-

184 3573 286 3626 dicinae
304 3574 404 3626 studuit
420 3573 554 3640 Tergesti,
575 3573 744 3625 vindobonae
762 3582 789 3625 et
806 3571 903 3637 Halia.)

131 3647 183 3705 Jo.
213 3647 313 3704 Franc.
340 3647 434 3703 Rota
466 3647 502 3702 de
531 3646 739 3704 introducendis
774 3645 945 3703 Graecorum
971 3643 1195 3700 medicaminibus
1227 3641 1304 3702 liber.

181 3731 404 3790 Commentarius
431 3750 498 3788 sane
523 3731 552 3788 in
580 3731 678 3788 Galeni
705 3730 722 3786 l.
748 3729 770 3790 l.
797 3731 833 3787 de
858 3729 1059 3804 compositione
1087 3729 1305 3786 medicamento-

179 3837 241 3873 rum
265 3835 315 3892 per
333 3835 446 3890 genera.
491 3817 600 3878 Bonan.
624 3811 715 3874 1553.
739 3816 776 3887 ἧς
797 3815 834 3876 ih.
864 3808 955 3872 1575.
971 3812 1020 3884 43
1043 3814 1135 3871 Antw.
1159 3808 1251 3872 1585.
1272 3810 1303 3872 4.

180 3896 353 3965 (Simplicium
373 3897 508 3962 catalogus
525 3914 581 3948 cum
600 3897 664 3948 locis
682 3904 798 3947 veterum
816 3902 844 3947 et
861 3894 930 3947 notis
948 3893 1085 3961 auctoris.)

127 3972 209 4030 Just.
235 3968 407 4026 Mollerus
434 3968 557 4046 (Miller)
579 3969 725 4027 fasciculus
745 3969 930 4026 remediorum
954 3985 987 4024 ex
999 3966 1164 4024 Dioscoride
1180 3972 1208 4024 et
1228 3965 1302 4024 Mat-

176 4054 273 4112 thiolo.
316 4053 401 4111 Basil.
428 4047 519 4112 1579.
545 4047 575 4112 8.

126 4138 183 4202 Fr.
205 4136 279 4196 Lud.
305 4135 381 4212 Aug.
407 4137 504 4198 Herm.
531 4139 573 4195 de
598 4135 745 4195 Gohren
774 4137 942 4195 medicorum
966 4136 1120 4213 priscorum
1146 4133 1182 4192 de
1207 4134 1302 4209 signa-

176 4231 240 4282 tura
261 4223 385 4299 inprimis
407 4223 564 4301 plantarum
592 4221 729 4280 doctriua.
774 4221 1023 4279 Commentationis
1044 4221 1080 4278 de
1098 4218 1302 4276 necessitudine

176 4327 250 4382 quae
275 4308 349 4365 iuter
381 4307 604 4386 morphologiam
633 4312 662 4366 et
689 4306 943 4383 pharmacologiam
970 4305 1048 4381 regni
1070 4302 1234 4379 vegetabilis
1258 4303 1301 4360 iu-

174 4391 294 4450 tercedit
318 4391 387 4450 Pars
409 4392 432 4454 l.
454 4391 543 4450 Jeuae
569 4387 659 4451 1840.
682 4389 713 4452 8.
