2808 4872
654 251 763 314 Celeris.
902 277 904 284 ·
1249 247 1293 313 59

165 397 418 499 acopon-sorim
439 408 469 462 et
491 399 711 502 xeropapyrrriv.
739 403 928 502 'Helmestad
956 400 1047 466 1766.
1067 401 1098 470 4.
1132 403 1289 489 (Cincin.

168 481 232 537 Clo.
250 483 352 536 Kaho
368 486 400 539 rle
419 485 475 538 loco
495 487 562 541 Celer
579 505 609 540 ro
623 491 802 556 praefatam.
837 487 912 555 lopo.
931 485 1006 542 leat.
1022 486 1064 555 4.)

118 565 157 627 E.
187 569 224 628 G.
248 573 381 632 Struve
405 575 443 634 de
462 575 537 634 vitae
556 575 707 652 varietate,
741 575 843 652 insigni
872 576 998 636 sanitatis
1024 577 1164 656 praesidio
1188 597 1291 640 secun-
1391 589 1393 593 '

164 655 235 714 dum
260 657 335 716 Cels.
356 659 380 717 Ι.
407 655 435 721 l.
479 659 573 722 Kilon.
599 654 691 720 1737.
716 654 745 718 4.

120 736 193 798 Chr.
214 741 298 800 hfich.
324 739 415 802 Adol
422 743 485 822 phi
505 745 590 822 (resp.
613 743 690 804 Petr.
710 743 780 807 Phil.
802 743 877 821 Keil)
899 745 966 807 diss.
989 745 1083 821 inaug.
1101 748 1138 806 de
1151 748 1289 808 solvendo

165 825 244 884 bono
266 830 392 906 corporis
416 829 512 888 habitu
533 831 687 888 secundum
709 829 781 888 Cels.
804 829 839 893 ll.
861 825 890 893 2.
912 828 990 909 Lips.
1014 825 1105 891 1741.
1123 830 1153 891 4.
1176 867 1218 878 -
1231 832 1290 893 Re·

165 929 220 975 cras.
246 913 277 970 io
296 911 421 992 Adolphi
446 915 511 973 diss.
539 914 619 993 phys.
645 916 743 974 medic.
765 914 861 975 select.
889 912 967 994 Lips.
994 910 1085 978 1747.
1108 911 1137 975 4.

119 1008 345 1160 hilsileleir
358 1015 522 1094 semiologia
543 1015 640 1075 mortis
655 1015 793 1074 Celsiano.
836 1014 968 1074 Francos.
988 1017 1027 1074 ad
1040 1015 1137 1080 Viadr.
1153 1012 1243 1078 1804.
1259 1013 1288 1079 8.

247 1094 296 1148 ihr.
347 1113 395 1153 .c.
414 1096 438 1152 6,

119 1161 245 1224 Euchar.
277 1167 361 1227 Ferd.
396 1098 462 1228 Chl.
496 1168 624 1228 Oertel
655 1169 693 1228 de
717 1187 808 1246 aquae
839 1169 959 1245 frigidae
983 1188 1036 1227 usu
1067 1169 1198 1230 Celsiano
1221 1172 1291 1232 (lise.

164 1251 262 1329 philol.
284 1255 375 1327 med,
419 1255 449 1312 in
474 1273 531 1330 qna
555 1255 723 1332 praecipuos
745 1253 820 1312 Celsi
841 1253 918 1312 locos
945 1253 982 1312 de
1001 1272 1077 1330 aqua
1101 1257 1203 1332 frigida
1227 1257 1290 1318 illu·

165 1341 256 1395 strare
276 1351 404 1400 conatur.
446 1338 578 1399 Monach.
600 1335 691 1402 1826.
716 1335 745 1398 4.
790 1343 940 1412 (Philologi
954 1343 1073 1396 auctoris
1088 1346 1180 1415 opus.)

121 1435 199 1500 Ceo.
226 1435 300 1515 Aug.
322 1439 516 1518 Langguth
539 1461 634 1519 progr.
666 1441 703 1499 de
729 1439 903 1520 paracentesi
930 1441 1023 1500 ascitis
1043 1443 1167 1502 remedio
1190 1445 1290 1506 admo-

167 1523 236 1580 dum
260 1525 397 1603 probabili
419 1546 472 1585 sec.
493 1525 567 1585 Cels.
588 1525 637 1584 lll.
659 1521 710 1588 21.
753 1525 850 1586 Viteh.
873 1517 964 1585 1765.
985 1520 1014 1584 4.

7 1649 8 1652 ,
119 1603 232 1666 Abrah.
254 1609 366 1671 Vater
401 1613 491 1689 (resp.
524 1611 570 1670 Jo.
591 1609 676 1668 Laur.
701 1609 854 1686 Weidner)
881 1610 948 1668 diss.
973 1611 1066 1687 inaug.
1095 1629 1152 1688 qua
1171 1612 1291 1673 chorda-

163 1713 249 1831 pppsl
250 1694 331 1842 313θί6
354 1697 392 1756 ad
417 1697 630 1775 disceptandum
651 1696 827 1775 proponitur.
859 1694 951 1754 Viteb.
975 1690 1066 1763 1738.
1088 1692 1119 1757 4.
1150 1709 1203 1776 (Aa
1222 1711 1292 1767 cels.

7 1835 9 1910 ἶ
121 1846 200 1910 Dan.
226 1849 310 1912 Wilh.
335 1848 475 1908 Triller
507 1850 599 1928 (resp.
622 1849 687 1908 Chr.
714 1847 830 1908 Imman.
854 1846 1011 1924 Loescher)
1044 1850 1109 1908 diss.
1132 1852 1169 1910 de
1192 1852 1291 1912 morbo

7 1955 9 1962 ’
169 1933 292 1992 coeliaco
318 1935 450 2010 singulari
474 1953 492 1992 a
519 1935 605 1998 Corn.
638 1934 722 1992 Celso
754 1935 905 2013 descripto.
959 1934 1051 1992 Viteh.
1079 1930 1171 1996 1765.
1198 1933 1227 1996 4.
1250 1969 1293 1982 -

168 2017 257 2076 Redit
276 2021 307 2076 ia
337 2019 390 2081 Tr.
416 2019 538 2098 Opuscc.
564 2019 628 2082 Vol
654 2019 676 2082 l.
709 2014 800 2079 1766.
822 2040 850 2097 p.
872 2014 1063 2078 281-292.
1108 2025 1292 2094 (Graecorum

7 2153 9 2172 ,
170 2101 250 2153 moth.
275 2100 383 2153 colicam
400 2118 468 2167 esse,
487 2102 590 2156 Celsum
608 2101 635 2154 in
652 2101 692 2154 his
709 2100 843 2154 vocabulis
861 2100 988 2168 errasse.)

7 2183 8 2266 Ῐ
123 2187 229 2251 Franc.
251 2191 293 2248 de
316 2190 503 2264 Figueroa
524 2191 628 2261 aelam,
660 2191 697 2247 de
719 2208 775 2264 qna
796 2190 920 2265 loquitur
944 2189 1043 2248 Celsus
1063 2189 1098 2249 V.
1120 2187 1178 2268 26,
1215 2192 1293 2258 filum

168 2293 289 2352 semper,
313 2293 393 2332 acum
410 2293 553 2351 uunquam
567 2274 734 2351 significare,
755 2274 975 2334 infibulationem
999 2281 1028 2333 et
1042 2281 1166 2334 suturam
1188 2284 1295 2336 utram-

169 2377 226 2435 que
247 2379 282 2418 ex
303 2361 362 2417 acia
383 2359 458 2418 molli
480 2379 538 2418 non
552 2362 632 2418 nimis
646 2365 731 2436 torta,
751 2361 809 2418 sire
830 2378 864 2417 ex
884 2358 959 2418 molli
979 2360 1028 2418 filo
1048 2379 1106 2419 non
1120 2362 1199 2420 nimis
1217 2368 1294 2429 torto

169 2445 274 2517 serico,
307 2444 397 2518 lineo,
429 2444 473 2504 vel
498 2446 605 2506 exalia
629 2447 743 2505 materia
763 2444 854 2516 molli,
877 2463 934 2504 non
955 2451 1049 2506 autem
1070 2465 1168 2523 aereo,
1193 2448 1295 2526 ferreo,

169 2537 306 2606 argenteo
331 2537 381 2588 aut
411 2549 496 2588 aureo
521 2531 674 2589 secundum
706 2529 781 2587 Celsi
813 2534 934 2589 mentem
963 2549 1073 2610 semper
1093 2531 1155 2589 fieri
1180 2533 1294 2597 debere.

166 2615 279 2694 Hispali
301 2609 391 2677 1633.
415 2610 446 2676 4.

8 2761 10 2774 .
118 2701 173 2759 Jo.
196 2701 254 2759 Jac.
284 2699 444 2758 Chifslet
470 2700 530 2759 acia
557 2699 642 2761 Corn.
672 2697 747 2756 Celsi
773 2697 904 2776 propriae
934 2698 1131 2775 significationi
1155 2702 1295 2781 restituta,

169 2783 333 2862 Alphonsus
364 2783 467 2843 Nunez
502 2785 595 2861 regius
628 2783 765 2842 archiater
804 2783 945 2846 defensus.
988 2780 1242 2864 Antuerp.1633.
1262 2783 1292 2846 4.

171 2865 311 2932 (Metallici
328 2865 391 2934 quid
409 2884 467 2920 esso
485 2873 576 2919 contra
594 2865 773 2934 Figueroam.)

8 2939 10 2978 ³
121 2957 178 3018 Jo.
199 2956 363 3015 Rhodius
386 2957 423 3014 de
443 2955 503 3014 acia
525 2957 590 3018 diss.
612 2957 650 3014 ad
666 2955 752 3016 Corn.
775 2953 849 3014 Celsi
863 2960 992 3016 mentem.
1035 2954 1132 3020 Potor.
1148 2949 1240 3018 1639.
1262 2953 1293 3016 4.

8 3057 10 3078 ¹
171 3074 215 3086 -
236 3039 294 3098 Ed.
320 3047 399 3098 aucto
420 3060 477 3098 eur.
503 3041 606 3100 Thom.
629 3040 816 3102 Bartholinus.
841 3040 929 3098 Hafn.
947 3033 1038 3104 1672.
1056 3037 1088 3102 4.
1106 3073 1150 3086 -
1164 3036 1295 3100 Neara

172 3125 362 3202 Antiquitates
383 3124 591 3204 philosophicae
619 3127 743 3183 medicae
767 3131 797 3184 et
821 3124 991 3200 chirurgicae
1012 3133 1064 3184 etc.
1091 3123 1199 3192 Lond.
1227 3127 1297 3184 Sca·

171 3231 233 3269 nor.
254 3209 360 3285 (Lund)
384 3205 473 3268 1691.
485 3208 568 3269 4.-
582 3208 660 3267 Haec
680 3210 763 3268 editio
785 3207 981 3267 oBcrtholino
1002 3217 1095 3268 carata
1115 3211 1296 3288 maltasfigg.

174 3297 254 3356 hahet
275 3302 301 3354 et
324 3299 426 3372 copiose
447 3294 481 3353 de
493 3295 584 3373 fibula
604 3301 718 3353 veteram
739 3295 852 3374 aliisque
872 3296 1078 3372 antiqmtutibar
1097 3293 1221 3364 disserit5
1244 3295 1296 3354 ads

175 3381 249 3440 ditur
270 3379 377 3438 Rhodii
403 3379 466 3438 diso.
492 3380 525 3438 de
547 3382 605 3438 vita
632 3377 702 3438 Celsi
723 3379 802 3436 etde
822 3379 963 3457 ponderib.
985 3384 1012 3436 et
1034 3381 1161 3437 mensoria
1182 3385 1297 3439 aeteram

174 3466 341 3524 medicorum.
385 3469 441 3537 (Ad
456 3469 530 3524 Cels.
545 3469 579 3521 V.
594 3469 637 3522 26.
654 3487 676 3520 s.
692 3469 751 3535 23.)

9 3503 11 3508 ι
124 3551 225 3628 Chph.
241 3549 317 3610 Lud.
339 3549 528 3608 Charisius
553 3550 623 3608 diss.
645 3549 682 3608 de
703 3547 840 3606 meliceria
858 3546 940 3610 Celsi.
962 3545 1144 3623 Regiomont.
1158 3543 1296 3615 17174,

9 3701 11 3728 '
124 3629 556 3767 Hetsslalfpls·FVr·ie22·l}8¹3{¹er
587 3702 624 3760 de
651 3701 788 3760 medicina
815 3698 959 3758 oculorum
984 3701 1060 3778 apud
1082 3701 1195 3762 Celsum
1221 3723 1298 3762 com-

175 3789 337 3851 mentatius.
380 3781 617 3849 Ha1.1817.8.
666 3800 740 3868 (cfr.
765 3815 869 3868 quoque
893 3798 929 3854 G.
947 3799 980 3855 Ε.
1000 3800 1143 3854 Dohlhot
1164 3802 1190 3854 iu
1210 3803 1297 3873 Greisa

175 3889 203 3924 u.
222 3870 347 3922 Walthcr
364 3871 458 3924 Jooro.
477 3869 502 3921 d.
517 3867 671 3940 Chirrrrgie,
687 3869 738 3924 Bd.
757 3869 782 3920 5.
800 3869 829 3925 S.
848 3867 900 3922 408
909 3873 973 3940 sg.;
992 3869 1026 3922 ed
1045 3870 1114 3923 Cels.
1132 3871 1181 3924 Vl.
1199 3869 1238 3941 6.)

10 3959 12 4028 ξ
126 3963 179 4021 Jo.
203 3957 296 4037 Chph.
318 3958 432 4034 Jiiger
447 3957 558 4017 Umriss
573 3960 623 4018 des
646 3958 806 4018 Zustandes
829 3958 1167 4019 derWundarzneikunst
1183 3961 1298 4019 beiden

175 4043 251 4103 alten
275 4043 415 4119 Riimern,
459 4043 623 4120 rorziiglich
653 4065 690 4103 zu
722 4045 778 4104 den
809 4043 909 4103 Zeiten
940 4045 991 4102 des
1023 4044 1130 4107 Celsus.
1170 4041 1199 4108 2.
1221 4044 1298 4108 hun.

175 4128 290 4187 Franks.
312 4147 338 4186 a.
364 4127 404 4188 Μ.
428 4121 519 4185 1799.
542 4124 571 4188 8.
615 4134 687 4200 (nst
706 4149 770 4189 nov.
790 4131 836 4189 ta.
859 4133 1298 4190 versromsliariv11.0rv111.

177 4209 259 4264 Corn.
279 4207 349 4262 Celsi
367 4207 400 4261 de
417 4207 552 4274 medicina,
570 4227 646 4279 quam
664 4210 783 4264 ediderat
800 4207 863 4266 ibid.
885 4209 973 4275 1769.)

127 4299 219 4362 Laur.
245 4299 395 4357 Heister
415 4300 505 4376 (resp,
527 4299 660 4372 Cramer)
681 4321 717 4360 an
739 4299 885 4376 chirurgus
909 4299 1073 4358 adolescens
1097 4299 1133 4358 sit
1154 4299 1299 4379 optimus?

177 4383 350 4446 Helmestad.
379 4377 470 4444 1747.
492 4378 521 4448 4.
565 4390 619 4458 (Ad
633 4391 708 4446 Cels.
724 4389 786 4445 Vll.
803 4388 841 4454 1.)
