2808 4872
205 1233 278 1354 Ι.
330 1229 737 1353 Historia
770 1235 1237 1392 mediolanae

448 1391 984 1514 uniuersalis.

637 1625 757 1633 m

332 1727 410 1824 A.
482 1727 708 1850 opera
749 1692 1130 1852 samonaco.

6 1951 7 1964 ³
133 1915 190 2008 Jo.
212 1949 278 2010 Job.
303 1949 457 2008 Bartsch
485 1951 603 2028 epistola
626 1953 663 2010 de
684 1953 778 2010 studio
802 1953 935 2011 historiae
956 1953 1080 2011 medicae
1098 1951 1224 2028 jucundo
1246 1972 1304 2012 uon

177 2035 268 2092 miuus
294 2052 327 2090 ac
349 2034 417 2092 utili.
461 2033 538 2112 Lips.
568 2031 657 2096 1757.
680 2033 710 2094 4.

6 2121 8 2190 l
134 2118 296 2194 Paradys
324 2119 413 2176 oratio
436 2119 472 2178 de
494 2122 654 2196 cognitione
678 2121 810 2178 historiae
832 2121 965 2193 medicae,
992 2140 1096 2196 magno
1116 2125 1179 2178 tum
1193 2123 1230 2180 ad
1245 2141 1303 2180 me-

6 2205 8 2270 }
178 2205 232 2260 dici
252 2203 281 2260 iu
307 2209 366 2261 arte
387 2207 541 2262 exercenda
564 2205 721 2280 solertiam,
753 2211 813 2264 turn
835 2207 874 2264 ad
896 2207 963 2263 artis
983 2205 1228 2283 amplificationem
1253 2207 1306 2264 ad-

6 2283 8 2316 l
107 2341 111 2346 .
174 2287 313 2362 jumento.
356 2286 451 2363 Lugd.
473 2289 537 2346 Bat.
561 2286 651 2349 1800.
674 2287 703 2348 4.

6 2381 8 2402 ¹
135 2371 211 2447 Aug.
237 2371 325 2431 Ferd.
350 2373 606 2448 Bri'rggemaun
636 2373 702 2433 diss.
732 2373 825 2446 inaug.
855 2373 891 2430 de
922 2371 1059 2446 legendae
1087 2371 1220 2430 historiae
1245 2391 1305 2430 me-

179 2457 258 2514 dicae
286 2457 420 2530 utilitate,
453 2458 585 2516 historiae
612 2459 648 2515 de
673 2456 752 2515 Frid.
780 2457 945 2514 Hoffmanni
974 2455 1126 2517 medicinae
1152 2463 1305 2533 systemate

178 2541 354 2618 prodromos.
398 2541 491 2604 Berol.
514 2523 606 2604 1894.
629 2536 657 2599 8.

135 2624 220 2684 Ferd.
247 2624 322 2686 Guil.
344 2626 485 2683 Becker
507 2627 543 2684 de
562 2626 693 2684 historica
715 2624 867 2682 medicinae
892 2623 1075 2701 explicatione
1095 2622 1219 2700 prolusio
1240 2643 1305 2683 aca-

179 2709 296 2767 demica.
340 2710 431 2768 Berol.
460 2705 551 2772 1830.
577 2705 606 2769 8.
658 2721 824 2788 (Medicinae
841 2722 948 2773 formam
970 2727 1094 2772 mutatam
1120 2739 1193 2788 esse,
1224 2729 1305 2792 prout

179 2789 223 2908 ve}
241 2789 390 2843 mechanica
408 2790 449 2844 vel
468 2791 582 2843 chemica
605 2791 648 2843 vel
667 2791 793 2858 organica
811 2789 984 2842 consideratio
1002 2789 1071 2858 apud
1088 2791 1202 2844 medicos
1226 2808 1305 2860 prae·

179 2874 213 2910 va
224 2857 321 2925 uerit.)

136 2931 233 2990 Heinr.
260 2929 327 2986 Ant.
356 2927 511 2986 Stecher
533 2927 620 2986 Edler
641 2949 667 2986 v.
697 2929 872 2986 Sebenitz
905 2929 1026 2986 Theorie
1058 2921 1108 2988 der
1137 2929 1305 2990 Geschichte

179 3015 230 3072 der
251 3011 457 3072 Arzneihunde.
509 3011 624 3090 [Etiam
646 3032 702 3070 cum
727 3016 770 3070 tit.
793 3013 894 3069 lutino:
919 3012 994 3073 Diss.
1018 3015 1111 3090 inaug.
1135 3015 1172 3072 de
1197 3015 1305 3074 theoria

178 3099 310 3156 historiae
327 3095 504 3176 medicinae]
529 3097 612 3154 Wien
635 3093 725 3156 1831.
748 3091 777 3154 8.
822 3109 1089 3178 (Germanicalingua
1107 3111 1305 3182 couscriptum.)

137 3183 209 3242 Geo.
232 3181 300 3238 Phil.
324 3179 458 3258 Ludolph
478 3181 690 3239 Beckedorf
713 3181 778 3244 diss.
801 3181 895 3257 inaug.
920 3183 956 3240 de
977 3189 1054 3242 statu
1075 3184 1228 3242 medicinae
1252 3184 1306 3242 ho-

179 3267 301 3324 diernae.
345 3266 429 3342 Spec.
454 3265 494 3338 l.,
525 3267 669 3324 continens
694 3265 859 3324 methodum
884 3285 940 3340 qua
964 3268 1111 3326 tractanda
1132 3269 1168 3324 sit
1188 3267 1305 3327 historia

179 3356 270 3408 status
291 3351 444 3428 medicinae
465 3351 627 3428 praesentis.
672 3349 803 3424 Gotting.
829 3345 920 3408 1799.
942 3345 972 3408 4.

136 3433 238 3494 Ludw.
261 3434 441 3492 Choulant
461 3433 543 3490 Rede
563 3435 632 3492 iiber
657 3434 712 3491 deu
734 3433 856 3490 Einfluss
879 3435 929 3492 der
953 3433 1075 3495 Mediciu
1098 3435 1152 3494 auf
1168 3435 1215 3494 die
1236 3436 1304 3494 Cul-

179 3525 226 3577 tur
247 3519 298 3576 des
316 3517 651 3592 Menschengeschlechts.
693 3515 791 3594 Leipz.
815 3511 957 3576 18118.
1344 3523 1345 3526 ’

6 3651 7 3674 ἢ
135 3601 171 3662 L.
195 3603 227 3661 P.
252 3600 327 3678 Aug.
354 3603 532 3661 Gauthier
554 3603 590 3661 de
617 3599 772 3660 l'intluence
793 3620 848 3676 que
868 3601 896 3660 la
916 3601 1061 3662 medecina
1082 3621 1100 3660 a
1121 3619 1236 3662 exerces
1256 3623 1304 3663 sur

6 3685 9 3840 ,
178 3688 207 3745 la
228 3687 391 3748 civilisation
418 3696 446 3748 et
469 3687 509 3744 les
534 3687 654 3764 prognes
680 3687 730 3746 des
752 3687 890 3764 scieuces,
922 3687 1047 3746 discours
1079 3687 1116 3744 de
1151 3690 1303 3766 reception.

176 3770 261 3849 ny...
283 3765 376 3830 1835.
398 3767 428 3830 s.

215 3937 297 4034 Β.
340 3934 706 4080 Prodemus·
740 3954 1025 4055 operum
1054 3956 1216 4056 pro·
1252 3905 1254 3910 ’

529 4075 905 4150 muscarum.
1002 4113 1005 4120 -

131 4205 224 4265 Henr.
252 4205 407 4266 Meibom
429 4209 466 4265 de
486 4207 656 4266 medicorum
677 4209 793 4268 historia
818 4209 964 4267 scribenda
986 4207 1103 4286 epistola
1118 4207 1156 4265 ad
1171 4205 1208 4266 G.
1224 4205 1301 4264 Hier.

175 4290 345 4349 Velschium.
374 4291 548 4351 Helmeslad·
572 4287 663 4354 1669.
686 4287 715 4350 4.
760 4305 853 4370 (Pater
876 4303 989 4358 auctoris
1012 4303 1053 4358 Jo.
1078 4301 1159 4356 Heur.
1188 4298 1302 4356 Meibom

176 4371 310 4425 historiam
328 4372 454 4426 medicam
472 4389 493 4429 s.
512 4373 545 4425 de
562 4373 668 4426 medicis
687 4380 714 4426 et
731 4371 770 4426 rei
787 4375 902 4426 medicae
921 4373 971 4426 scri
991 4373 1091 4424 toribus
1106 4371 1221 4424 scribere
1233 4372 1302 4440 apud

174 4457 206 4493 se
224 4441 403 4506 constituerat,
421 4447 504 4495 morte
521 4448 674 4512 praereptus
692 4442 825 4496 consilium
843 4443 1019 4494 tiliollonrrco
1033 4439 1146 4507 reliquit,
1164 4441 1300 4493 sedetiam

1009 4525 1050 4586 l*
