2808 4872
137 235 184 302 68
574 239 713 302 Medicina
736 241 861 320 antiqua.

180 393 225 454 Jo.
247 391 348 453 Lndw.
370 393 544 452 Bianconi
566 394 789 454 Sendsehreiben
810 395 881 454 iiber
902 395 957 454 den
978 387 1012 459 A.
1036 395 1122 458 Corn.
1146 395 1242 454 Celsus
1264 415 1303 454 an

181 481 237 544 606
268 477 327 538 Abt
351 479 429 538 Hier.
462 479 628 538 Tiraboschi
665 480 747 539 nebst
777 481 853 539 einer
877 480 1021 538 Zuschrist
1052 501 1109 540 von
1141 480 1207 538 Carl
1231 479 1302 544 Chr.
1379 533 1380 536 ,

179 563 329 628 Krause.
373 561 470 641 Leipz.
494 559 586 626 1781.
612 559 642 628 8,
687 569 808 636 (Doctae
829 570 1035 639 disquisitiones
1055 573 1090 624 de
1109 571 1185 623 Celsi
1207 578 1302 623 aetate
1378 621 1380 676 ὲ

178 664 229 699 666
246 646 279 698 ad
296 645 397 698 Tiberii
415 645 459 697 sed
477 643 511 697 ad
529 645 641 714 Augusti
658 651 775 715 tempora
793 647 962 717 pertinente.)

136 719 214 778 Gius.
236 717 304 777 Ant.
330 718 376 776 del
403 717 568 796 Chiappa
588 719 700 776 intorno
725 718 778 778 alle
800 739 884 797 opere
905 739 921 778 e
942 720 996 778 alla
1016 720 1181 778 condicione
1201 738 1302 798 perso·
1379 717 1380 750 ³

177 803 241 863 nale
266 803 312 861 die
332 800 405 860 Aulo
428 802 512 864 Corn.
538 803 630 862 Celso.
666 802 770 862 Milano
797 799 887 863 1819.
914 799 963 862 12.
1008 810 1055 877 (O.
1070 810 1154 860 fnisse
1169 811 1301 862 medicum

179 885 309 950 clinicum,
327 883 470 953 praecipue
486 901 550 936 vero
568 883 731 951 chirurgum,
755 885 846 937 librum
864 901 937 939 suum
954 903 1006 938 non
1026 885 1130 938 medicis
1149 887 1229 938 solum
1250 887 1300 940 sed

176 953 315 1022 unicuique
332 953 492 1018 destinasse3
511 952 560 1010 Ch.
579 953 649 1005 Celsi
667 953 747 1006 libros
766 960 825 1006 octo
843 955 900 1010 ital.
918 963 986 1010 vert.
1006 953 1104 1007 Milano
1123 955 1198 1011 1818.
1216 955 1256 1023 8.)

134 1041 227 1104 hlaur.
260 1041 334 1100 Guil.
362 1041 549 1117 Schilling
579 1043 706 1117 quaestio
733 1044 769 1101 de
800 1043 886 1107 Corn.
913 1043 988 1101 Celsi
1008 1045 1075 1101 vita.
1120 1043 1188 1102 Pars
1209 1045 1299 1122 prior,
1379 1061 1380 1084 1

178 1131 215 1187 de
235 1127 310 1185 Celsi
332 1131 434 1197 aetate,
458 1127 524 1186 diss.
546 1127 641 1202 inaug.
684 1126 762 1204 Lips.
785 1122 876 1186 1824.
902 1124 931 1187 8.
962 1141 1300 1209 (cfr.‚‚cetsns“inErseli

144 1201 147 1208 ’
175 1227 203 1265 u.
224 1209 328 1261 Gruter
344 1209 450 1276 allgem.
468 1207 612 1275 hincylctop.
631 1208 656 1260 d.
681 1208 908 1277 Wissenschcften
924 1227 951 1266 6.
970 1211 1071 1262 Kome
1091 1211 1142 1264 Bd.
1163 1209 1202 1266 16.
1224 1211 1252 1266 S.
1264 1210 1301 1262 24
1378 1223 1380 1270 j

173 1283 219 1350 sg.
241 1277 356 1344 ejusdem
374 1274 503 1341 auctoris3
522 1276 556 1328 nil
574 1276 682 1346 amplius
699 1278 819 1347 prodiit.)

82 1356 83 1360 ’
134 1350 206 1410 Geo.
227 1349 406 1408 Matthiae
430 1347 516 1427 (resp.
538 1349 605 1406 Seh.
635 1349 702 1407 Chr.
726 1349 876 1430 Kortholt)
898 1350 965 1408 diss.
988 1351 1025 1408 de
1047 1349 1133 1408 Corn.
1151 1350 1226 1409 Celsi
1240 1371 1299 1410 me·
1378 1349 1380 1406 fi

141 1482 144 1490 .
176 1435 274 1494 dicina.
318 1433 446 1508 Gotting.
472 1427 564 1492 1766.
585 1429 615 1491 4.
1301 1429 1304 1434 ’
1378 1411 1380 1500 1

132 1516 227 1578 Alexis
251 1517 596 1661 Lullieg·Winslow
617 1517 775 1596 exposition
796 1518 881 1578 dela
902 1519 1029 1578 doctrine
1051 1519 1087 1578 de
1109 1519 1203 1582 Celse.
1232 1522 1301 1592 (Pa-
1379 1529 1380 1534 ’

173 1606 211 1662 ris
233 1598 336 1662 18161
400 1647 409 1664 .
874 1652 875 1655 ,
1378 1629 1380 1670 l

131 1689 217 1749 Mich.
242 1688 307 1746 Chr.
339 1603 411 1750 lust.
437 1685 673 1745 Eschenbach
705 1687 786 1766 epist.
819 1686 952 1764 gratulat.
978 1688 1015 1746 ad
1040 1687 1076 1746 G.
1100 1687 1136 1754 L.
1160 1690 1300 1764 Woclraz,
1378 1693 1380 1708 ¹

174 1775 211 1833 de
235 1772 318 1832 Celso
340 1792 399 1830 non
419 1773 528 1830 medico
549 1773 680 1850 practico.
723 1771 801 1850 Lips.
824 1768 915 1833 1772.
941 1767 973 1834 4.

131 1859 220 1920 Henr.
243 1857 319 1919 Guil.
341 1857 549 1915 Romanson
571 1857 673 1934 (praes.
695 1855 769 1915 Pehr
790 1875 818 1916 v.
843 1856 983 1935 Aszelius)
1007 1857 1073 1920 diss.
1089 1859 1186 1934 inaug.
1199 1859 1299 1919 obser·
1378 1879 1380 1886 ·

138 1997 142 2004 .
173 1945 298 2002 vationes
319 1941 347 1998 in
369 1942 532 1998 medicinam
555 1939 620 1999 Auli
644 1942 728 1998 Corn.
752 1941 834 2000 Celsi.
878 1938 1091 2020 upsal1803.
1116 1939 1146 2002 4.

130 2027 208 2091 Hier,
230 2026 374 2085 Rubeus
396 2023 517 2102 (Geron.
535 2025 630 2102 Rossi)
647 2029 844 2086 annotationes
865 2027 893 2084 in
916 2027 1001 2084 libros
1023 2035 1087 2085 octo
1111 2029 1196 2086 Corn.
1212 2028 1298 2091 Celsi.

173 2113 274 2172 Venet.
285 2107 375 2168 1616.
383 2106 414 2168 4.
430 2115 543 2182 (Corum.
557 2116 616 2167 fere
627 2123 793 2184 perpetuus3
808 2117 842 2170 R.
855 2115 959 2183 †1607‚
972 2115 1297 2184 edidFranciscfilius.)

130 2197 175 2258 Jo.
197 2197 274 2256 Frid.
301 2196 463 2254 Clossius
485 2215 558 2273 spec.
580 2196 806 2254 observationum
829 2198 985 2256 criticarum
1004 2198 1032 2254 in
1053 2195 1089 2260 A.
1118 2199 1203 2256 Corn.
1230 2199 1298 2257 Cel·
1378 2193 1380 2274 1

135 2275 142 2290 ”
172 2277 243 2342 sum.
287 2277 405 2338 Accedit
426 2281 544 2338 diatrihe
567 2283 603 2338 de
627 2281 785 2339 salsamenti
810 2301 827 2339 a
849 2282 933 2339 Celso
954 2283 992 2338 ad
1014 2283 1115 2342 vulnus
1134 2303 1230 2342 morsu
1251 2286 1298 2342 fa·
1378 2275 1380 2290 .

172 2375 247 2426 ctum
273 2367 458 2424 commendati
479 2365 691 2441 significatione.
735 2367 813 2440 Traj.
839 2367 877 2423 ad
899 2366 988 2424 Rheu.
1010 2361 1100 2429 1768.
1122 2365 1152 2426 4.
1379 2425 1380 2428 ,

128 2453 175 2516 Jo.
201 2451 300 2512 Jacob.
331 2451 437 2508 Baier
468 2451 658 2528 schediasma,
694 2469 750 2526 quo
779 2452 936 2508 institutum
958 2469 1037 2508 suum
1060 2454 1096 2511 de
1116 2450 1183 2510 Aur.
1207 2453 1297 2512 Corn.

171 2537 254 2596 Celso
276 2537 314 2593 ad
335 2535 467 2610 majorem
489 2534 679 2612 philiatrorum
701 2536 847 2594 utilitatem
872 2537 1112 2594 accommodando
1136 2539 1225 2615 aperit
1251 2545 1297 2597 at·
1378 2541 1380 2592 i

171 2642 227 2699 que
252 2621 438 2680 commendat.
481 2619 582 2677 Altorf.
606 2615 696 2679 1720.
719 2615 748 2678 4.
793 2625 901 2694 (Editio
917 2625 978 2694 ipsa
991 2643 1044 2677 non
1058 2626 1187 2695 prodiit.)
1379 2615 1380 2632 ³

126 2720 201 2798 Aug.
226 2723 389 2781 Aenothens
415 2721 545 2781 Weber
567 2723 705 2799 specimen
727 2740 817 2779 norae
845 2723 973 2780 editionis
1002 2719 1066 2780 Auli
1099 2722 1184 2782 Corn.
1208 2725 1294 2784 Celsi.

170 2807 234 2870 Hal.
262 2803 352 2868 1788.
378 2802 406 2865 4.
452 2810 556 2878 (Editio
570 2811 632 2880 ipsa
646 2830 699 2863 non
713 2810 839 2879 prodiit.)
1379 2815 1380 2818 ’

128 2892 192 2951 Car.
215 2891 282 2950 Glo.
307 2889 410 2949 Kiih'n
445 2910 540 2968 progr.
566 2890 671 2951 I-lV.
708 2889 742 2953 A.
765 2891 850 2953 Corn.
872 2890 946 2950 Celsi
967 2891 1053 2948 editio
1078 2910 1153 2950 nova
1174 2901 1295 2972 exopta·
1379 2937 1380 2944 .

169 2982 223 3034 tur.
265 2971 458 3054 Lips.1821.
483 2969 574 3033 1822.
598 2969 629 3034 4.
674 2973 760 3055 (Cum
781 2979 889 3033 notitiis
912 2982 946 3033 de
967 2979 1048 3036 editt.
1069 2981 1161 3047 Celsi3
1193 2983 1295 3036 desunt
1379 3003 1380 3022 ³

128 3121 132 3126 Ι
170 3058 236 3110 haee
254 3074 356 3126 progrr.
376 3055 403 3108 in
420 3056 554 3125 Opuscc.)

125 3129 201 3210 Lud.
227 3129 411 3187 Choulant
432 3129 600 3206 prodromos
621 3146 711 3186 novae
733 3128 862 3186 editionis
883 3125 947 3187 Auli
962 3129 1047 3192 Corn.
1064 3129 1138 3188 Celsi
1158 3129 1294 3190 librorum
1379 3179 1380 3206 3

168 3220 233 3273 octo
258 3215 295 3272 de
319 3213 464 3270 medicina.
508 3212 584 3270 lnest
603 3218 755 3290 apparatus
778 3213 863 3271 critici
877 3219 1017 3272 tentamen
1033 3214 1292 3294 bibliographicum.
1379 3267 1380 3276 .

167 3297 245 3377 Lips.
269 3293 360 3358 1824.
382 3292 411 3356 4.
456 3301 603 3368 (Codicum
617 3319 697 3370 mss,
722 3303 878 3370 editionum,
899 3303 1064 3372 versionum,
1080 3307 1243 3376 scriptorum
1257 3307 1293 3359 il-

168 3379 329 3434 lustrantiuni
349 3379 419 3432 Celsi
437 3379 578 3449 descriptio
597 3385 623 3432 et
641 3378 810 3447 dijudicati03
828 3380 863 3432 42
881 3382 976 3450 pagg.)

123 3453 171 3514 do.
192 3453 276 3531 Bapt.
304 3451 493 3529 Morgagni
520 3455 548 3510 in
577 3449 640 3512 Aul.
676 3453 761 3511 Corn.
790 3453 902 3512 Celsum
924 3461 953 3510 et
979 3453 1015 3520 Q.
1038 3453 1134 3516 Seren.
1159 3455 1317 3512 Samoni-¹

167 3557 229 3604 cum
261 3537 411 3615 epistolae,
443 3539 473 3596 in
504 3537 605 3613 quibus
631 3540 667 3596 de
694 3539 838 3613 utriusque
859 3539 978 3596 auctoris
1002 3540 1084 3596 variis
1108 3538 1289 3613 editionibus,

166 3623 241 3680 libris
267 3641 380 3698 quoque
412 3623 605 3700 manuscriptis
636 3629 665 3680 et
695 3623 960 3680 commentatoribus
986 3624 1136 3680 disseritur.
1191 3623 1290 3683 Patav.

166 3701 258 3767 1721.
284 3701 313 3764 8.
356 3705 432 3782 Hag.
455 3707 535 3765 Com.
560 3701 650 3764 1724.
676 3700 705 3763 4.
750 3702 1288 3784 Νου.111610.·11686.1161.17384.

165 3823 209 3837 -
234 3789 378 3868 Epistulae
399 3797 512 3870 6661606
518 3834 528 3862 ,
553 3811 619 3870 qrtae
646 3789 758 3848 sedeunt
782 3794 810 3848 in
839 3789 908 3850 Celsi
937 3792 1052 3850 editione
1073 3791 1168 3850 Patav.
1192 3787 1287 3856 1722.

167 3881 192 3934 et
213 3895 270 3934 cem
288 3897 335 3934 see
357 3877 420 3934 aliis
443 3877 559 3954 epistolis
581 3894 657 3952 super
679 3875 769 3932 eodem
789 3895 818 3933 re
838 3879 868 3934 in
889 3877 964 3934 editt.
984 3875 1053 3934 Celsi
1076 3876 1173 3938 Patav.
1193 3871 1286 3936 1756.
1361 3915 1364 3920 -

130 3970 133 3976 ’
164 3956 195 4025 8.
231 3961 330 4020 Venet.
353 3956 446 4020 1763.
469 3956 498 4020 8.
526 3959 621 4036 Lugd.
644 3961 707 4018 Bet.
733 3955 825 4022 1785.
851 3955 880 4019 4.
908 3966 1025 4037 Argent.
1049 3956 1140 4019 1806.
1166 3956 1195 4023 8.
1219 3964 1289 4020 seut

163 4049 194 4104 in
214 4045 364 4122 Morgagni
387 4066 497 4123 opuscc.
520 4045 667 4104 miscellan.
703 4044 800 4103 Venet.
824 4041 914 4106 1763.
937 4047 967 4119 f..
994 4044 1116 4124 Neapoli
1139 4041 1230 4106 1763.
1255 4042 1287 4110 4.

166 4127 275 4194 (Omnes
294 4128 344 4180 hae
362 4127 488 4197 epistolae
505 4134 577 4180 recte
594 4125 680 4194 magni
699 4126 886 4194 aestimantur.)
1379 4199 1380 4202 Ἴ

122 4217 187 4276 Car.
209 4217 275 4276 Chr.
301 4215 441 4275 Krause
462 4234 557 4296 progr.
586 4235 642 4292 quo
663 4212 697 4274 A.
721 4217 753 4274 C.
770 4217 845 4276 Celsi
871 4218 907 4276 de
927 4234 958 4276 re
979 4217 1087 4276 medica
1108 4215 1193 4275 libros
1214 4233 1287 4293 qua·

163 4308 229 4360 tuor
252 4303 423 4380 posteriores
446 4301 585 4363 emendat.
627 4299 706 4378 Lips.
730 4296 820 4361 1762.
842 4298 873 4365 4.

120 4384 205 4447 Mart.
226 4387 411 4446 Jacobsen
432 4386 499 4449 diss.
514 4387 552 4445 de
572 4385 688 4462 antiqua
707 4387 862 4450 medicinae
883 4385 1018 4446 divisione
1038 4386 1066 4444 in
1089 4380 1287 4466 dioscuriade,

58 4565 140 4584 A.
