2808 4872
524 241 752 304 Aristoteles-
776 241 916 304 Aelianus.
1263 245 1306 312 19

126 393 224 473 Casp.
246 393 427 456 Hofmann
452 397 488 454 de
503 415 555 454 usu
577 396 680 456 cerebri
697 398 849 457 seeundum
865 395 1050 458 Aristotelem.
1073 396 1149 479 Lips.
1167 397 1257 461 1619.
1273 398 1303 462 8.

125 478 218 539 Frid.
240 478 314 538 Lud.
337 479 488 558 Kreysig
509 478 666 540 Aristotelis
687 484 723 540 de
744 484 806 541 soni
830 489 859 542 et
880 483 955 541 vocis
980 483 1117 544 humanae
1139 493 1239 544 natura
1261 493 1304 545 at·

180 583 239 640 que
259 569 323 622 ortu
347 565 455 623 theoria
475 585 538 624 eum
563 567 745 624 recentiorum
767 567 885 627 decretis
909 575 1077 645 comparata.
1121 567 1302 648 Lips.1793.

179 645 212 708 8.
233 683 276 694 -
302 649 344 707 Ab
370 657 476 708 ouctow
502 669 606 727 recogn.
635 658 661 709 et
687 671 769 728 germ.
794 672 862 716 vers.
888 655 919 710 in
940 654 1078 730 Sprengel
1096 655 1228 731 Beitr'aige
1253 676 1304 714 zur

181 733 350 792 Geschichte
370 735 396 792 d.
416 735 518 792 Medic.
540 731 569 794 2.
589 737 686 808 Stich,
710 739 741 796 S.
760 733 823 796 202
848 737 888 813 fg.
910 757 965 794 cum
987 744 1091 797 anaott.
1112 739 1278 816 Sprengelit.
1359 781 1362 785 -

126 816 200 876 Jac.
223 819 419 962 Greltgpper
440 819 584 899 (Gretser)
606 822 642 879 de
662 822 765 900 plantis
787 843 821 882 ex
841 820 925 879 Arist.
946 823 1082 899 potissim.
1104 825 1227 884 collecta.
1255 825 1302 884 ln-

178 903 264 979 golst.
376 947 383 964 .
406 904 435 962 4.

125 983 213 1063 Aug.
243 988 316 1046 Guil.
339 989 405 1046 Em.
428 989 482 1048 Th.
509 987 692 1048 Henschel
713 990 749 1046 de
776 985 927 1048 Aristotele
960 989 1301 1070 butanica-philosopho.

175 1073 325 1130 Vratislav.
350 1068 440 1132 1814.
467 1069 496 1132 4.

126 1155 168 1214 F.
195 1157 361 1216 Wimmer
385 1158 566 1236 phytologiae
586 1153 779 1216 Aristotelicas
801 1159 965 1234 fragmenta.
998 1158 1146 1223 Vratislav.
1164 1154 1256 1218 1838.
1272 1155 1302 1219 8.

7 1277 9 1332 3
127 1241 206 1300 Em.
232 1242 317 1302 Fred.
338 1243 497 1321 Bojesen
520 1243 557 1302 de
577 1243 757 1322 problematis
778 1240 943 1302 Aristotelis.
986 1245 1073 1304 Hafn.
1097 1240 1188 1306 1836.
1209 1239 1239 1304 8.

468 1391 526 1448 LI..
579 1392 973 1462 Theophrastus.

129 1493 215 1556 Lud.
237 1496 455 1576 Philippsou
475 1494 533 1577 ὕλη
557 1491 755 1578 Poupoulon,
786 1499 855 1557 Pars
877 1499 899 1558 1.
936 1499 981 1558 De
1001 1500 1171 1558 internarum
1191 1500 1304 1560 humaui

6 1593 7 1610 ¹
181 1583 307 1659 corporis
326 1583 446 1661 partium
468 1585 627 1659 cognitione
649 1582 806 1642 Aristotelis
826 1604 888 1642 eum
914 1584 1040 1642 Platonis
1064 1585 1206 1643 sententiis
1229 1604 1306 1642 eoru-

181 1673 290 1744 parata.
334 1667 402 1726 Pars
425 1667 461 1726 ll.
500 1668 732 1746 Philosophorum
757 1675 882 1728 veterum
905 1671 1052 1745 usquead
1077 1669 1307 1746 Theophrastum

181 1752 311 1810 doctrina
329 1753 365 1810 de
386 1771 477 1816 sensu.
521 1753 710 1831 Theophrasti
734 1755 771 1812 de
799 1773 883 1813 sensu
905 1760 933 1812 et
952 1753 1095 1812 sensilibus
1117 1755 1306 1830 fragmentum

180 1836 551 1915 historico-philosophicum
576 1858 638 1897 curn
663 1845 742 1896 textu
764 1840 857 1898 denuo
881 1839 1036 1915 recognito,
1058 1839 1147 1916 prima
1161 1838 1305 1896 conversio

179 1920 269 1979 latina
290 1926 318 1980 et
339 1923 543 1981 commentaria.
567 1922 734 1981 Aristotelis
747 1924 874 1982 doctrina
895 1925 931 1982 de
955 1923 1089 1982 sensibus.
1117 1922 1306 2002 Theophrasti

181 2007 340 2081 fragmenta
362 2009 398 2066 de
420 2026 519 2086 sensu,
555 2009 701 2085 phantasia
727 2014 755 2066 et
782 2008 959 2068 intellectae
985 2007 1116 2066 Prisciani
1138 2007 1306 2086 metaphrasi

182 2092 302 2168 primum
323 2099 464 2170 excerpta.
508 2093 601 2155 Berol.
626 2088 715 2151 1831.
741 2089 770 2151 8.
815 2098 893 2163 (err.
908 2097 1107 2150 Bricherlrunde
1128 2099 1148 2148 f.
1173 2099 1200 2149 d.
1217 2097 1305 2148 iiltere

183 2171 307 2235 Medicin,
324 2171 350 2226 2.
368 2174 489 2242 Autlage.
514 2174 542 2227 S.
554 2172 611 2239 at.;
627 2173 695 2226 Jahn
713 2189 780 2225 neue
797 2172 958 2226 Jahrbricher
975 2175 995 2230 f.
1016 2172 1108 2228 Philol.
1119 2172 1193 2227 1834.
1206 2173 1241 2228 x,
1251 2172 1305 2239 99.)

134 2245 207 2306 Chr.
232 2244 286 2308 Gli.
308 2244 580 2304 Kratzensteiu
602 2246 735 2304 nonnulla
757 2248 793 2303 ‹le
814 2246 1003 2324 Theophrasti
1018 2247 1132 2304 historia
1148 2247 1306 2324 plantarum

183 2331 257 2388 bene
278 2332 403 2390 merendi
424 2331 555 2393 subsidia.
598 2330 684 2388 Hafa.
711 2325 801 2390 1772.
826 2325 856 2392 4.

132 2415 187 2473 Jo.
211 2415 270 2477 Jac.
291 2414 565 2474 Moldenhauer
586 2421 701 2477 tentam.
724 2415 753 2473 in
775 2415 964 2493 Theophrasti
979 2413 1123 2473 historiam
1137 2414 1304 2493 plantarum.

179 2500 336 2575 Hamburg.
361 2493 452 2562 1791.
475 2495 505 2562 8.

132 2585 214 2644 John
237 2585 466 2643 Staclrhouse
499 2583 695 2642 illustrationes
727 2583 918 2660 Theophrasti
948 2584 977 2642 in
1009 2602 1090 2642 usum
1112 2583 1306 2642 botanicorum

179 2670 330 2748 praecipue
358 2670 604 2747 peregrinantium.
647 2669 751 2727 Osonii
779 2664 869 2727 1809.
896 2663 926 2731 8.
976 2680 1097 2746 (Contra
1120 2679 1160 2734 St.
1185 2681 1307 2734 Becaren

181 2757 231 2802 etc.
257 2751 344 2804 Paris.
369 2749 445 2806 1816.
462 2749 503 2818 8.)

132 2825 283 2900 Ginseppe
314 2822 546 2882 Montesanto
584 2823 629 2880 dei
660 2822 722 2880 libri
755 2821 784 2878 di
812 2819 965 2880 Teofrasto
990 2819 1089 2880 Eresio
1113 2822 1225 2880 intorno
1254 2821 1307 2880 alle

179 2909 286 2986 pinnis,
307 2909 486 2966 commentati
507 2909 545 2964 da
565 2906 695 2984 Gasparo
717 2906 871 2984 Hoimann,
893 2906 1005 2970 notizie.
1049 2905 1147 2965 Padua
1164 2901 1255 2968 1822.
1275 2902 1306 2964 8.

181 2988 267 3056 (Cum
291 2989 380 3056 effigie
403 2988 484 3058 Casp.
508 2987 649 3040 Hoimanni
676 2994 704 3040 et
729 2985 785 3042 los.
802 2987 864 3040 Ant.
883 2986 985 3040 Bouato
1009 2990 1036 3040 et
1059 3003 1117 3040 curn
1135 2987 1255 3040 oratione
1273 2987 1306 3039 da

180 3057 310 3126 Hippocr.
327 3065 355 3110 ct
372 3059 506 3124 Socrate.)

132 3131 210 3191 Geo.
235 3129 340 3206 Wolsg.
363 3129 490 3189 Wedel
515 3131 675 3206 propempt.
702 3127 739 3185 de
766 3127 900 3186 corchoro
928 3127 1119 3205 Theophrasti
1147 3128 1175 3186 in
1204 3127 1305 3204 specie.

179 3215 243 3275 Jen.
252 3209 344 3278 1695.
354 3209 382 3277 4.
395 3247 436 3258 -
447 3213 544 3276 Reens.
556 3216 586 3270 in
596 3212 698 3270 Wedel
710 3231 797 3272 exerc.
810 3213 882 3274 med.
895 3213 990 3290 philol.
1003 3214 1085 3273 Ceut.
1098 3213 1120 3272 1.
1133 3213 1192 3277 dec.
1200 3207 1229 3269 8.
1241 3231 1267 3270 n.
1276 3208 1307 3271 6.

181 3292 341 3362 (Κόρχορον
358 3294 385 3348 ἰιι
403 3293 580 3364 Theophrasti
601 3293 661 3350 hist.
681 3293 761 3362 plant.
783 3291 884 3350 11117.
910 3309 968 3345 esse
992 3293 1097 3346 herbam
1114 3291 1306 3357 mercurialem

182 3382 251 3418 nuno
270 3363 364 3416 dicitur
379 3364 527 3416 Corchorus
546 3362 685 3426 clitorius.)

133 3473 181 3485 -
199 3471 243 3481 -
267 3443 427 3516 propempt.
447 3439 484 3495 de
508 3437 605 3494 theseo
630 3431 826 3510 Theophrasti.
869 3432 931 3494 Jen.
944 3427 1036 3492 1708.
1049 3427 1078 3496 4.
1102 3466 1145 3478 —
1165 3431 1261 3489 Recus.
1277 3435 1307 3490 ta

181 3522 283 3583 Wedel
306 3541 395 3585 exerc.
418 3521 493 3580 med.
516 3520 610 3598 philol.
633 3517 714 3579 cent.
736 3515 771 3576 ll.
825 3519 958 3588 (θήσειον
982 3522 1117 3592 Theophr.
1144 3521 1204 3576 hist.
1225 3521 1306 3590 plant.

181 3603 242 3656 Vll.
263 3603 305 3657 12.
323 3603 510 3656 rhabarbarum
526 3617 600 3663 esses
619 3596 798 3667 aspreugelio
808 3615 855 3668 pro
865 3598 992 3652 Leontice
1001 3599 1165 3670 chrysogono
1175 3599 1306 3666 habetur.)

137 3707 180 3722 -
204 3711 248 3720 —
273 3678 311 3734 de
334 3677 474 3734 oenanthe
494 3672 691 3751 Theophrasti.
735 3671 798 3734 Jen.
823 3665 914 3734 1719.
936 3669 966 3734 4.
993 3706 1037 3719 —
1063 3672 1160 3734 Remu.
1182 3675 1212 3731 io
1238 3671 1306 3732 We-

181 3762 228 3820 del
248 3779 338 3824 exere.
360 3761 434 3824 med.
460 3758 557 3838 philol.
580 3757 662 3817 Ceut.
686 3754 722 3816 ll.

529 3905 596 3960 Mlti.
656 3903 914 3958 Aelianus.

136 4016 203 4078 Car.
226 4015 294 4078 Glo.
308 4013 414 4074 Kiihu
438 4015 505 4073 diss.
527 4014 564 4071 de
579 4013 625 4071 via
649 4029 683 4070 ac
702 4011 811 4069 ratione
833 4029 890 4088 qua
910 4010 953 4074 Cl.
976 4007 1108 4069 Aelianus
1130 4012 1255 4089 sophista
1277 4012 1305 4070 in

179 4101 297 4160 historia
319 4100 476 4160 animalium
497 4097 698 4158 conscribenda
722 4113 789 4154 nsns
813 4101 865 4158 est.
908 4096 988 4174 Lips.
1013 4090 1104 4156 1777.
1131 4093 1159 4154 4.

135 4187 183 4246 Jo.
211 4187 391 4246 Hermann
411 4185 481 4243 iiber
503 4185 557 4242 den
582 4183 737 4258 Phattages
763 4181 813 4238 des
834 4177 940 4239 Aelian.
984 4181 1137 4258 strasburg
1157 4175 1249 4244 1782.
1275 4175 1304 4242 4.
1393 4141 1395 4208 i

183 4269 264 4338 (Esse
281 4267 395 4321 Buffonii
413 4263 540 4334 Pangolin
557 4281 577 4322 s.
597 4263 702 4318 Manem
719 4259 941 4329 tetradactylam.)
1391 4265 1394 4274 '
