2766 4878
113 265 176 330 164
562 265 701 326 Medicina
732 267 836 328 clinica.

158 422 263 498 bingen
285 414 376 481 1827.
397 415 428 480 8.
443 430 591 498 (Historica
609 432 785 486 consideratio
803 433 837 486 ab
855 432 971 503 antiquis
992 449 1074 504 usqne
1090 431 1125 487 ad
1141 428 1280 486 novissima

157 509 291 572 temporn3
309 503 359 558 cir.
377 501 487 570 Allgcm.
507 501 603 554 Medic.
625 501 785 557 1331827.
804 519 829 571 p.
849 502 938 571 1468.)

116 575 151 636 C.
172 575 281 636 Friedr.
302 573 486 652 Nopitscb
504 573 630 632 Versucb
649 577 725 632 einer
740 575 930 650 chronologie
947 575 1006 634 and
1019 572 1174 634 Litteratur
1199 571 1281 630 nebat

158 660 248 720 einem
279 659 391 734 System
420 659 471 716 der
502 657 775 734 Blutentziehungen
806 660 834 716 in
857 660 1026 718 besonderer
1053 658 1219 732 Beziebung
1235 655 1285 712 aui

159 744 211 802 daa
231 743 456 822 physiologiscbe
476 743 535 800 nud
555 742 767 820 pathologisebe
790 743 964 802 Verbiiltniss
985 745 1036 801 des
1056 743 1154 800 Blutes
1174 759 1209 798 so
1233 740 1283 797 wie

158 829 260 887 dessen
282 827 552 902 Berirclmicbtigung
573 827 601 883 in
623 827 820 902 gericbtlicbcn
845 827 952 891 Fallen.
1000 825 1060 885 Ans
1078 829 1133 886 den
1158 825 1283 900 vorziig·

59 945 61 948 v
158 909 276 970 lichsten
300 911 422 970 Werlseu
444 911 601 989 gescbbpst.
643 909 797 986 Nirmberg
818 906 909 972 1833.
935 909 965 972 8.

117 994 205 1060 Andr.
230 996 338 1054 Ottom.
371 995 546 1052 Goelicke
574 996 611 1052 de
638 997 833 1054 revellentibns
861 1015 895 1054 ac
929 995 1116 1055 derivantibna
1146 999 1284 1068 veterum,

51 1117 56 1126 ·
160 1099 313 1155 eorumque
337 1079 465 1137 rationali
486 1079 675 1156 explicatione.
717 1080 782 1138 Hal.
805 1074 899 1140 1709.
919 1078 950 1144 4.

116 1164 162 1228 Jo.
184 1163 307 1240 Lange
329 1165 366 1222 de
388 1165 550 1240 syrmaismo
572 1169 601 1221 et
628 1163 736 1223 ratione
766 1167 906 1242 purgandi
930 1184 982 1244 per
1010 1163 1145 1222 vomitum
1165 1179 1202 1219 ex
1229 1155 1286 1216 Ae-

159 1248 320 1326 gyptiorum
342 1248 501 1306 inventione
523 1254 552 1305 et
576 1249 703 1311 formula.
732 1249 821 1308 Paris.
837 1245 927 1313 1572.
939 1246 967 1309 8.
991 1253 1151 1322 (Methodos
1170 1249 1287 1302 emetica

133 1355 135 1358 ’
156 1330 210 1398 jam
227 1330 260 1382 ab
277 1329 414 1381 Herodoto
428 1331 646 1396 commemorata.)
1366 1328 1367 1333 ’

116 1401 253 1462 Rnccoltb
272 1403 301 1459 di
326 1403 453 1459 scritture
474 1402 600 1458 mecliche
627 1403 822 1479 appartenenti
849 1402 903 1460 3113
932 1399 1121 1458 controversia
1138 1399 1185 1456 dc'
1212 1396 1285 1454 resi-

159 1486 263 1557 oetori3
289 1486 455 1562 a'aggiugne
476 1506 513 1542 un
536 1487 636 1560 saggio
664 1487 693 1542 ‹li
726 1487 812 1542 storia
836 1487 948 1544 intorno
971 1485 998 1542 al
1025 1485 1177 1542 medesimo
1200 1500 1286 1557 argo-

158 1577 265 1644 mento,
292 1571 321 1627 in
343 1572 387 1628 cui
412 1590 429 1627 a
450 1571 538 1627 londo
560 1572 582 1625 si
604 1571 765 1627 esaminano
787 1571 926 1648 l’origiue‚'
942 1571 961 1627 11
985 1587 1136 1648 progresso
1165 1568 1203 1625 ed
1234 1585 1287 1624 usu

159 1656 226 1712 d'un
247 1654 303 1712 tale
327 1656 459 1713 remedio.
501 1655 607 1715 Venez.
630 1649 720 1712 1749.
743 1653 773 1716 4.
927 1651 928 1654 ’

115 1739 216 1796 Jodoc.
234 1739 328 1796 Crull
343 1741 379 1797 de
401 1739 602 1797 medicamento
624 1747 748 1796 veterum
770 1739 926 1797 universali.
955 1736 1049 1814 Lugd.
1066 1737 1130 1798 Bat.
1147 1729 1244 1795 1679.
1255 1728 1285 1791 4.

115 1821 190 1882 Dan.
212 1824 297 1882 Willr.
318 1824 462 1882 Triller
481 1823 664 1882 clinotechnia
683 1825 792 1881 medica
815 1823 988 1898 antiquaria,
1021 1822 1079 1880 sive
1105 1822 1142 1878 de
1167 1818 1285 1878 diversis

158 1914 337 1983 aegrotorum
359 1909 437 1965 lectis
458 1909 610 1965 secundum
630 1908 692 1984 ipsa
713 1909 789 1964 varia
811 1909 972 1965 morborum
989 1925 1093 1982 genera
1112 1905 1285 1963 couvenien-

157 1999 201 2049 ter
211 1992 381 2049 instruendis
393 1993 607 2050 commentarius
618 1992 860 2049 medico-criticus.
884 1993 1015 2049 Francos.
1023 1997 1052 2048 et
1062 1989 1139 2068 Lips.
1154 1982 1247 2051 1774.
1255 1983 1284 2050 4.

158 2072 249 2142 (Opus
265 2073 393 2126 eruditum
409 2080 436 2126 et
453 2073 596 2143 copiosum,
614 2072 660 2126 aed
678 2072 824 2140 alienigena
841 2073 986 2125 eruditione
1004 2073 1145 2136 onustum.)

193 2283 195 2287 ’
278 2268 332 2342 3.
392 2245 662 2366 §pecces
706 2245 1113 2343 morborum.

450 2447 536 2512 aa.
591 2429 938 2515 Generatim.

112 2599 177 2663 Cirr.
204 2601 326 2666 Godofr.
353 2603 493 2662 Gruner
513 2604 674 2662 morborum
698 2604 885 2679 antiquitates.
942 2601 1092 2660 Vratislav.
1127 2593 1222 2660 1774.
1252 2593 1282 2656 8.

154 2681 252 2750 (Morbi
275 2683 407 2736 veteribus
425 2684 467 2736 vel
491 2685 592 2736 omnino
618 2703 669 2736 non
691 2685 732 2737 rel
756 2686 805 2736 sub
824 2685 881 2736 aliia
899 2682 1044 2736 nominibus
1062 2681 1178 2749 coguiti3
1197 2678 1283 2732 morbi

154 2769 171 2804 a
188 2752 299 2807 veterib.
317 2754 474 2817 accuratius,
492 2771 569 2822 quam
588 2769 604 2805 a
626 2753 791 2806 recentiorib.
809 2752 933 2820 descripti
951 2757 1018 2820 etc.)

109 2855 152 2867 -
174 2855 216 2866 -
237 2825 385 2900 nosologia
411 2825 541 2882 historica
562 2845 597 2883 ex
622 2827 807 2883 monumentis
827 2826 910 2883 medii
932 2825 993 2880 aevi
1020 2822 1090 2880 lecta
1104 2821 1284 2879 animadver-

151 2906 277 2965 sionibus
291 2908 438 2978 ¹historicis
459 2928 492 2965 nc
512 2909 625 2966 medicis
648 2909 791 2966 illustrata.
813 2909 876 2968 Jen.
902 2903 994 2966 1795.
1019 2901 1048 2964 8.
1082 2911 1138 2977 (Ex
1159 2909 1283 2964 363311-

151 2987 270 3055 ptoribus
286 2989 362 3040 medii
380 2989 448 3051 aevi,
467 3005 574 3054 quorum
593 2988 688 3056 primus
707 2991 853 3057 Gregorius
870 2987 1041 3050 Turonensis,
1060 2987 1207 3054 excerpta.)

109 3055 176 3115 Ean.
199 3056 311 3117 Ludos.
334 3060 417 3121 Wilh.
443 3058 555 3116 Nebel
577 3061 695 3136 epistola
717 3063 753 3118 de
770 3062 875 3119 morbis
895 3067 1021 3118 veterum
1046 3057 1171 3116 obscuris
1191 3057 1282 3116 sectio

150 3140 173 3203 1.
193 3141 285 3199 Glffls·
307 3137 397 3200 1794·
412 3139 441 3201 8·
464 3155 595 3218 (Morbum
607 3156 741 3209 femineum
755 3158 912 3226 Scytharum
926 3157 995 3226 apud
1013 3155 1112 3210 Herod.
1131 3161 1158 3208 et
1175 3155 1281 3224 Hippo·

150 3229 247 3275 cratem
266 3239 324 3274 esse
339 3221 515 3292 impotentiam
533 3225 658 3287 coeundi3
677 3227 791 3278 morbum
809 3227 967 3295 Campanum
984 3243 1027 3294 ap.
1045 3224 1140 3279 Horat.
1160 3241 1239 3276 serm.
1259 3223 1280 3276 1.

150 3292 176 3343 b.
195 3309 221 3345 v.
238 3289 273 3344 61
289 3308 445 3344 verrucoaas
462 3293 600 3360 designare
623 3295 815 3346 excrescentias
838 3296 865 3348 in
887 3296 973 3346 fronte
997 3300 1069 3346 ortas
1091 3294 1126 3344 ab
1147 3291 1281 3360 ingluvie3

150 3361 265 3412 morbum
280 3377 328 3428 per
344 3361 497 3430 sapientiam
515 3363 579 3414 mori
597 3379 639 3430 ap.
659 3362 725 3416 Plin.
744 3362 804 3418 Vll.
822 3364 863 3417 50.
883 3381 941 3414 esse
959 3360 1144 3431 phrenitidcm3
1162 3361 1281 3412 morbum

152 3427 196 3496 qni
214 3429 361 3496 insputatur
377 3447 421 3499 ap.
437 3431 523 3482 Plaut.
542 3431 640 3498 captiv.
665 3431 713 3483 111.
735 3432 762 3485 4.
781 3449 807 3486 v.
833 3433 875 3486 15.
903 3431 1062 3501 epilepsiam.
1098 3428 1146 3482 Nil
1169 3428 1281 3499 amplius

151 3496 262 3565 prodiit;
280 3514 306 3553 v.
324 3513 406 3567 supra
424 3515 486 3568 pag.
504 3497 548 3566 37,
566 3500 609 3566 52,
628 3490 672 3567 53,
690 3498 747 3565 sl.)

389 3651 480 3737 bo.
544 3651 737 3734 Morbi
772 3651 993 3756 singuli.
1369 3661 1371 3780 p

457 3826 485 3868 α.
511 3801 672 3892 Morbi
693 3817 923 3874 nasorum.
1368 3781 1371 3858 l

106 3934 181 3995 Lud.
204 3935 343 3996 Kobelt
370 3938 526 4014 disquisitio
553 3939 684 3997 historica
709 3941 746 3996 de
773 3940 865 3997 cordis
897 3945 926 3996 et
950 3935 1178 4016 praecordiorum
1205 3937 1278 3994 vitiis
1370 3935 1371 4016 1

148 4022 285 4098 organicis
319 4041 385 4080 cura
415 4023 591 4080 Valsalviaua
626 4028 656 4080 et
683 4021 846 4080 Albertiana
871 4021 1055 4102 persanandis
1087 4019 1153 4082 diss,
1182 4021 1279 4096 inaug.

146 4105 326 4182 Heidelberg.
354 4101 446 4164 1833.
474 4103 505 4168 4.

108 4205 154 4270 Jo.
182 4207 218 4266 G.
246 4205 423 4266 deBlock
445 4206 606 4266 demeritis
627 4227 689 4266 cum
714 4213 838 4265 veterum
863 4213 921 4265 tum
939 4206 1124 4265 recentiorum
1154 4203 1281 4262 medico·
1370 4271 1371 4288 ¹

150 4311 211 4350 rum
236 4292 274 4350 ad
309 4292 467 4370 systematis
498 4293 625 4350 arteriosi
657 4289 848 4370 pathologiam
881 4291 1083 4350 stabiliendam.
1138 4287 1278 4366 Groniug.
1369 4319 1371 4368 3

152 4371 243 4440 1827.
268 4369 298 4438 4.
336 4381 472 4450 (Praemio
495 4385 654 4434 ornatuma
683 4381 828 4434 Facultate
849 4381 953 4434 medica
982 4377 1194 4446 Groningensi.)

70 4594 152 4616 A
