2808 4872
604 81 616 116 1

516 303 644 366 Romani.
712 303 878 367 orientales.
1233 298 1276 366 el

147 457 209 517 teb.
233 451 325 518 1750.
346 454 377 517 4.
403 489 447 504 -
470 455 558 518 Redit
576 462 608 517 rie
627 455 679 520 Tr.
702 477 815 536 opusee.
825 457 891 519 Vol.
905 457 928 518 1.
947 451 1039 520 1760.
1051 477 1080 535 p.
1094 453 1273 524 ela-430.

149 538 242 608 (Apud
260 539 332 594 Cael.
350 538 438 596 Aurei.
457 539 547 596 ebron.
565 539 613 596 lv.
632 558 656 594 c.
670 541 710 596 br
728 539 755 594 iu
774 539 863 594 vesica
880 538 1010 662 speciales
1027 538 1153 612 plurimae
1170 542 1275 610 passio-

147 624 197 660 nes
215 607 346 674 eveniunt,
364 614 458 676 tumor,
476 609 607 676 collectio,
624 609 708 676 ulcus,
726 609 845 676 durities,
864 627 887 678 φ
911 610 1026 678 aspicere
1045 616 1098 666 ete.
1115 609 1169 680 legi
1178 611 1275 666 debore

97 679 376 824 Pugtffieggpiffl
402 749 430 808 la
454 749 574 809 maledie
601 750 639 808 da
658 750 721 809 sace
744 749 857 809 nomme
883 749 910 810 le
936 749 990 814 Tre
1013 749 1187 810 doulourenn
1206 767 1277 811 aree

147 834 467 980 {usiqueleslgrleflgxious
499 853 547 894 sur
580 833 607 893 le
638 835 751 912 Raptus
772 837 887 894 canisius
909 836 946 895 de
967 835 1078 894 Caelius
1099 832 1274 896 Aurelianus.

174 937 230 976 ans
343 939 350 980 ¹.
399 962 406 976 .

14 985 16 1070 ζ
100 999 176 1062 Car.
201 1003 278 1079 Aug.
299 1005 384 1062 Ferd.
416 1001 549 1062 Miller
580 1003 777 1062 annotationes
801 1003 941 1078 quaedem
973 1005 1001 1063 in
1023 1003 1111 1064 Caelii
1132 1001 1275 1064 Aureliani

147 1089 189 1146 de
208 1089 403 1166 hydrophobia
425 1093 583 1146 narratum.
606 1087 750 1164 Marburg.
767 1083 859 1148 1817.
881 1083 911 1148 8.
936 1093 990 1161 (Ad
1004 1102 1076 1148 sent.
1091 1095 1143 1151 III.
1157 1093 1273 1162 9-16.)

14 1133 16 1216 i
99 1169 174 1235 Car.
200 1173 266 1232 Glo.
288 1173 392 1231 Kiuhu
412 1191 510 1248 progr.
533 1174 569 1231 de
590 1191 664 1232 noxa
681 1190 721 1230 'ex
747 1173 910 1248 capillorum
936 1176 1090 1234 resectione
1115 1175 1144 1234 in
1170 1174 1275 1233 sanita-

14 1319 16 1362 1

14 1363 18 1524 l

146 1267 209 1316 tem
229 1259 416 1330 redundante,
445 1259 483 1316 ad
503 1255 581 1321 Caci.
607 1256 746 1320 Aurelian.
762 1257 850 1322 morb.
872 1263 945 1322 aeut.
967 1259 989 1324 1.
1013 1255 1063 1321 15.
1087 1257 1167 1334 Lips.
1180 1254 1274 1321 1821.

145 1337 183 1406 4.
204 1376 247 1386 -
267 1341 364 1404 Renes.
385 1345 415 1400 in
436 1341 535 1417 Ejuad.
557 1360 671 1417 opuscc.
692 1343 794 1402 aeadd.
816 1337 1274 1419 v01.11.1828.p.183-190.

97 1461 147 1474 —-
171 1461 215 1472 -
236 1446 332 1504 progr.
346 1428 375 1485 iu
393 1426 479 1486 Caelii
493 1425 633 1485 Aureliani
651 1446 676 1485 c.
688 1427 725 1484 de
735 1427 873 1486 incubone
883 1429 1023 1492 tractatio.
1047 1427 1127 1506 Lips.
1141 1423 1232 1490 1830.
1243 1423 1274 1492 4.

424 1574 484 1628 DD.
539 1576 703 1629 Serenus
726 1577 956 1634 senonicus.

98 1682 178 1743 Chr.
200 1681 322 1744 Godofr.
348 1681 489 1740 Gruuer
507 1683 601 1740 variae
622 1681 755 1742 lectiones
775 1683 804 1742 iu
826 1682 863 1752 Q.
885 1683 984 1744 Sereu.
1004 1683 1145 1748 Samouic.
1160 1703 1195 1746 ex
1209 1685 1274 1750 eod.

144 1766 301 1831 Vratislav.
327 1773 485 1842 excerptae.
529 1765 593 1826 len.
616 1761 708 1827 1782.
731 1763 762 1829 4.

97 1850 201 1934 (Frid.
212 1848 286 1928 Aug.
297 1851 426 1928 Reuss)
448 1870 546 1928 progr.
559 1851 708 1910 lectionum
720 1853 946 1911 Samouicearum
956 1853 1055 1929 partie.
1066 1851 1088 1916 1.
1109 1851 1274 1932 Vircebnrg.

148 1931 245 1994 1836.
272 1932 303 1998 4.
347 1941 404 2009 (Ex
418 1941 511 1993 codice
530 1940 677 1994 'I'uricensi
693 1959 764 1998 saec.
780 1941 832 1998 IX.
846 1941 891 1995 vel
905 1941 941 1994 X.
959 1950 988 1995 et
1001 1943 1056 1996 Ed.
1072 1943 1173 2011 princ.)

96 2021 175 2084 Chr.
201 2021 323 2082 Godoir.
345 2021 485 2080 Gruncr
505 2041 632 2100 progrr.,
667 2021 762 2080 insunt
789 2022 882 2082 variae
907 2022 1039 2084 lectiones
1067 2024 1095 2081 iu
1117 2023 1153 2092 Q.
1176 2024 1275 2086 Seren.

144 2107 329 2166 Samonicum
351 2125 386 2163 ex
406 2103 516 2164 Nicolai
537 2105 682 2164 Maracalci
703 2107 855 2165 enchiridio
876 2114 1036 2184 excerptae.
1056 2107 1119 2170 Jen.
1136 2103 1229 2170 1803.
1244 2103 1274 2170 4.

149 2186 319 2253 (ExNicolai
337 2186 478 2239 Marscslci
496 2187 590 2240 Thurii
609 2187 750 2240 enchiridio
775 2193 912 2258 poetarum
930 2188 1136 2256 clarissimorum,
1154 2187 1275 2259 Euphor-

145 2255 211 2308 dise
229 2254 305 2320 1502,
324 2257 393 2324 quod
411 2255 437 2308 in
474 2272 544 2324 rogr.
561 2256 643 2326 primo
661 2256 834 2323 describitur3
858 2259 908 2314 cir.
927 2257 1026 2326 Mylius
1044 2257 1201 2312 memorabil.
1212 2258 1274 2315 bibl.

146 2323 226 2377 acad.
242 2323 349 2378 Jenens.
367 2341 393 2394 p.
410 2273 483 2393 atrii)

98 2397 181 2458 Geo.
206 2397 283 2460 Rud.
305 2398 458 2456 Bbhmer
488 2396 524 2464 Q.
550 2397 612 2460 Ser.
641 2398 810 2456 Sammonici
832 2417 916 2459 carm.
942 2397 980 2456 de
1008 2397 1114 2474 capillis
1134 2398 1275 2474 tingendis

144 2483 250 2617 ι14000111
274 2488 310 2631 >et
330 2481 463 2567 illustrat.
510 2481 600 2544 Viteb.
623 2477 853 2544 1798-1800.
874 2477 905 2546 4.
949 2485 1010 2555 (Ad
1030 2487 1208 2544 1.,46-58.
1229 2489 1273 2542 ed.

175 2579 270 2620 cerm.
361 2589 367 2600 ·

374 2749 443 2850 0.
526 2750 732 2848 Aetas
772 2750 1008 2848 medio.

507 2940 546 3010 1.
592 2937 870 3008 mimicus.

438 3103 501 3146 aa.
565 3092 944 3149 Generatim.

99 3194 195 3256 aiath.
227 3191 399 3270 Norberg
431 3196 497 3259 diss.
530 3197 567 3254 de
596 3197 732 3255 medicina
762 3195 886 3254 Arabum
919 3201 948 3254 et
984 3195 1020 3253 de
1043 3193 1121 3272 lepra
1142 3190 1275 3257 Arabum.

145 3279 242 3342 Lond.
270 3280 425 3337 Scanorum
458 3278 586 3360 (Luud)
617 3275 707 3340 1791.
729 3276 759 3340 4.
794 3315 831 3328 -
863 3280 960 3339 Recta.
982 3283 1012 3337 in
1032 3279 1130 3353 Ejusd.
1154 3279 1275 3356 Opuscc.

146 3365 229 3422 acad.
256 3365 301 3422 ed.
323 3364 367 3422 Jo.
392 3361 550 3438 Normanu,
577 3367 613 3423 ib.
641 3359 859 3426 1817-1819.
885 3359 914 3422 8.
937 3363 1000 3422 Vol.
1022 3363 1070 3420 111.
1092 3383 1121 3442 p.
1146 3349 1210 3422 404
1232 3381 1275 3442 sq.

149 3447 266 3511 (Auctor
283 3462 334 3498 non
352 3445 467 3498 medicus
484 3453 542 3499 erat
559 3447 605 3499 sed
623 3445 780 3516 philologius
798 3445 930 3498 orientalis
949 3444 1069 3513 peritus.)

100 3516 202 3576 Picrre
222 3517 282 3580 los.
308 3517 486 3578 Amoreux
518 3521 589 3578 essai
621 3519 773 3594 historique
806 3525 835 3577 ct
859 3517 979 3576 literaire
1002 3535 1051 3574 sur
1078 3515 1106 3574 la
1130 3514 1277 3576 medecina

148 3602 202 3659 des
222 3599 339 3660 Arabes.
382 3602 560 3681 Montpellier
585 3599 676 3665 1815.
697 3598 727 3665 8.

101 3687 206 3745 Simon
230 3685 436 3746 Aroustciu
459 3688 527 3763 quid
548 3687 688 3746 Arabibus
708 3688 737 3746 in
762 3693 822 3746 arte
846 3685 954 3744 medica
980 3691 1009 3744 et
1029 3683 1222 3744 conservanda
1245 3688 1276 3744 et

148 3770 684 3918 ἓ1001ζ1111011011001111,1110011ιο113.
727 3772 820 3832 Berol.
848 3766 940 3829 1824.
965 3765 995 3827 4.
1039 3775 1136 3843 (Nor-a
1149 3773 1197 3826 vix
1211 3791 1295 3828 con-¹

174 3869 225 3904 ne.

14 3935 17 4004 ξ
101 3923 192 3984 Ferd.
220 3923 452 3984 Wiisteuseld
478 3925 645 3984 Geschichte
677 3925 728 3982 der
752 3922 914 3982 arabischen
947 3920 1052 3981 Aerzte
1076 3925 1135 3981 und
1167 3919 1277 3982 Natur-

148 4007 284 4066 torseher.
327 4007 410 4067 Nach
433 4011 489 4066 den
518 4009 636 4076 Quellcu
660 4010 823 4086 gearbeitet.
868 4002 1112 4085 Getting.1840.
1138 4003 1167 4066 8.
1211 4012 1277 4078 (Se-

150 4089 262 4141 cundum
288 4099 431 4158 temporum
457 4089 570 4144 ordinem
594 4097 728 4143 auctorum
746 4091 860 4142 Arabum
878 4089 1011 4142 historiam
1029 4093 1151 4168 enarrat,
1188 4103 1276 4140 eorum

151 4157 230 4210 etiam
255 4157 302 4210 hos
324 4175 472 4223 recensens,
507 4158 540 4210 de
565 4159 658 4228 quibus
681 4175 729 4214 ms.
754 4153 1275 4240 00111010ρο10γώ110111101011111111011

151 4235 407 4346 nosbpergenerunt.
446 4227 629 4362 Addtita)sunt
650 4227 751 4297 aliquot
774 4225 916 4297 specimrna
941 4224 1143 4296 biographorurn
1161 4223 1276 4278 Arabum

153 4311 199 4347 ara
219 4311 259 4347 rca
285 4313 365 4364 ungue
383 4313 501 4367 conscrrp
513 4312 537 4348 a.

105 4363 205 4443 Aloys.
227 4368 413 4445 Sprengcr
443 4369 510 4430 diss.
538 4369 634 4442 inaug.
660 4369 698 4427 de
723 4368 876 4446 originibus
900 4366 1054 4427 medicinae
1074 4363 1203 4424 arabicae
1222 4363 1276 4423 sub
1336 4355 1337 4360 ¹

149 4450 294 4519 hhalifatu.
338 4452 432 4530 Lugd.
456 4454 521 4514 Bat.
544 4446 635 4513 1840.
656 4447 687 4516 8.

1252 4600 1306 4608 ’.-
