2766 4878
133 303 195 368 nu
527 298 668 361 usus..
690 299 721 360 r.
744 295 920 378 theagenis

136 461 209 524 Geo.
224 457 331 532 Wollg.
350 455 479 516 Wedel
500 455 537 514 dc
557 451 646 512 Paulo
663 473 681 512 a
697 455 792 532 vipera
806 453 947 512 demorso.
971 445 1138 516 Jen.1710‚
1153 444 1176 508 4
1190 477 1234 494 -·
1249 443 1302 504 Re-

179 566 231 678 Q.
255 541 407 690 iu³We3lel
428 559 517 600 exerc.
538 538 613 598 med.
640 539 736 620 philol.
762 537 846 602 Ceut.
868 537 905 596 ll.
929 541 989 598 dec.
1011 531 1042 600 3.
1065 541 1120 610 (Ad
1129 539 1191 594 Act.
1209 535 1303 608 Apost.

215 643 267 691 sV·
319 639 360 692 ⁵41·

490 778 565 833 ee.
610 757 954 845 Epistulae.

139 882 212 941 Geo.
234 881 342 958 Wolfg.
369 880 497 940 Wedel
516 881 554 938 de
574 879 732 958 epispnsmo
752 878 933 938 ludaeorum.
957 878 1020 942 Jen.
1036 873 1127 941 1689.
1147 875 1177 939 4.
1192 905 1237 920 -·-
1253 869 1307 930 Re·

181 987 233 1025 cur.
254 970 285 1024 in
306 965 407 1024 Wedel
429 984 519 1028 exerc.
548 966 622 1023 med.
648 964 742 1042 philol
765 963 847 1022 Ceut
874 964 895 1022 l.
914 964 976 1028 dec.
999 958 1030 1024 5.
1056 983 1086 1022 n.
1109 959 1138 1024 1.
1171 975 1226 1036 (us
1248 983 1309 1022 cora

183 1047 338 1102 restituendi
351 1045 480 1118 praeputii
492 1046 563 1115 apud
575 1045 739 1100 circumcisus
751 1044 785 1098 sd
794 1044 871 1114 epist.
883 1044 958 1098 Pauli
971 1044 992 1100 1.
1005 1043 1039 1098 sd
1051 1042 1171 1099 Corinth.
1178 1042 1204 1106 7,
1218 1059 1246 1094 v.
1256 1037 1308 1104 18.)

142 1119 228 1178 Gebr.
250 1119 423 1177 Groddelt
444 1119 481 1178 de
501 1118 616 1176 ludaeis
637 1118 813 1196 praeputium
839 1117 1019 1178 attrahentib.
1077 1116 1139 1176 Jem
1165 1105 1309 1176 169114.

142 1205 243 1264 Claud.
268 1203 465 1261 Salmasius
492 1202 611 1281 epistola
642 1203 680 1260 ad
710 1201 799 1259 Andr.
828 1201 956 1260 Colvium
984 1221 1070 1279 super
1098 1221 1159 1279 cap.
1181 1199 1233 1260 xl.
1256 1195 1309 1276 pri·

184 1306 246 1347 mae
262 1288 300 1347 ad
320 1286 449 1346 Corinth.
466 1289 547 1366 epist.
570 1287 607 1346 de
623 1287 744 1346 caesarie
761 1287 882 1344 virorum
894 1294 924 1348 et
939 1285 1084 1346 mulierum
1099 1305 1187 1344 coma.
1213 1281 1308 1358 Lugd.

184 1373 247 1431 Bai·
269 1373 360 1447 (offit.
382 1365 665 1444 Elzevlr·)1644.8.
698 1382 811 1450 (Fusum
833 1400 898 1454 opus
916 1400 948 1453 ps
970 1401 997 1450 g.
1019 1382 1086 1449 7483
1111 1382 1229 1456 epistole
1248 1381 1310 1436 Ger.

184 1453 228 1510 Jo.
247 1453 334 1506 Vossii
351 1453 386 1506 ad
404 1452 485 1510 Salus.
504 1468 583 1522 super
599 1452 689 1504 mem
707 1451 844 1521 reincipit
862 1469 922 1521 pag.
941 1401 1015 1517 7⁸41.)

143 1525 188 1586 Jo.
204 1526 308 1587 Dieter.
331 1525 490 1586 Winlrler
512 1530 595 1602 (resp.
608 1525 640 1590 C.
652 1525 685 1582 C.
698 1524 805 1599 Woog)
831 1525 868 1582 de
888 1523 967 1582 Luca
992 1525 1173 1601 Evangelistu
1191 1523 1310 1582 medico.

185 1595 264 1690 Lips.
286 1603 377 1670 1736.
399 1605 430 1670 4.
454 1613 510 1680 (ru
532 1613 624 1682 Epist.
639 1613 717 1665 rann
733 1613 768 1665 as
783 1613 890 1665 coros..
902 1613 929 1680 4,
941 1629 969 1666 v.
986 1614 1045 1681 14.)

142 1696 251 1756 Bened.
277 1693 398 1753 Gottlob
425 1693 646 1752 Clausewitz
667 1694 704 1752 de
724 1692 804 1752 Lucu
827 1693 1009 1770 Evangelista
1030 1693 1149 1770 medico,
1172 1693 1209 1753 ud
1232 1691 1311 1771 epist

186 1781 224 1838 ad
245 1778 354 1842 Coloss.
367 1774 400 1854 4,
411 1798 437 1836 v.
450 1772 498 1841 14.
521 1777 586 1836 Hal.
603 1771 695 1838 1740.
712 1773 743 1837 4.

143 1865 217 1924 Geo.
239 1864 347 1940 Wolsg.
371 1862 501 1923 Wedel
522 1864 559 1921 de
579 1863 644 1920 vino
671 1863 791 1921 modico.
819 1857 1311 1925 Jen.169t3.4.-Recss.snws

186 1947 233 2006 del
257 1967 346 2008 exerc.
373 1948 446 2007 med.
472 1946 568 2026 philol.
594 1947 677 2011 Ceut.
699 1947 721 2005 l.
747 1949 809 2010 dec.
834 1943 865 2006 9.
883 1967 911 2006 n.
929 1943 961 2010 4.
987 1951 1044 2020 (Ad
1061 1953 1154 2022 Epist.
1171 1951 1194 2004 1.
1209 1951 1246 2004 ad
1263 1949 1311 2004 Ti-

143 2025 483 2162 Dahlltllilh.v'l'b31ller
509 2099 670 2158 exercitatio
700 2099 738 2158 dc
762 2099 827 2160 vino
856 2099 967 2158 modico
994 2099 1247 2177 hypochoudriacis
1267 2117 1310 2157 sa-

185 2183 279 2254 lutari,
302 2185 339 2242 sd
361 2201 470 2242 sacrum
494 2183 586 2242 locum
605 2182 625 2246 l.
647 2183 773 2244 Timoth.
791 2179 822 2261 5,
839 2202 868 2243 v.
883 2179 926 2244 23
949 2183 1075 2244 nonnihil
1106 2184 1308 2244 illustrandum

155 2299 156 2303 κ
185 2267 279 2340 vuer..
292 2247 382 2344 troo.
394 2263 424 2328 4.
439 2267 579 2327 -nerrr
588 2270 619 2326 a·
632 2268 732 2343 Ejusd.
744 2269 866 2346 Opusec.
888 2268 953 2334 vor.
968 2269 989 2327 1.
1000 2263 1088 2328 troo.
1096 2291 1123 2348 p.
1133 2265 1309 2330 ost-sss.

144 2354 210 2414 Chr.
239 2353 367 2412 Ehrenfr.
393 2352 631 2411 Eschenbach
657 2371 751 2430 progr.
780 2355 818 2412 de
838 2353 928 2411 verbis
962 2353 1051 2418 Hebr.
1068 2349 1126 2433 13,
1153 2374 1180 2414 v.
1207 2351 1251 2416 10
1269 2373 1308 2430 sq.

7 2389 9 2408 ›
96 2463 97 2467 ¹
186 2438 293 2500 medice
314 2437 505 2504 consideratis.
535 2437 671 2498 Bostoch.
684 2431 776 2498 1763.
789 2432 821 2501 4.

467 2587 515 2661 ff·
561 2585 990 2678 Apocalypsis.

143 2711 217 2774 Gen.
239 2709 348 2788 Wolfg.
370 2709 495 2769 Wedel
515 2710 552 2768 de
573 2709 655 2785 lignis
680 2709 783 2787 thyinis
812 2710 1024 2788 apocalypseos.
1050 2709 1112 2774 Jen.
1125 2704 1216 2771 1707.
1229 2705 1310 2770 4.-

185 2795 281 2854 Recus.
302 2798 332 2852 in
354 2794 452 2853 Wedel
478 2813 567 2852 exerc.
592 2795 666 2852 med.
688 2794 781 2871 philol.
808 2794 890 2852 Ceut.
914 2795 947 2856 ll.

144 2879 246 2941 Fraus.
268 2879 388 2937 Rueus
413 2879 450 2937 de
471 2879 588 2955 gemmis
609 2877 734 2953 aliquot,
762 2879 795 2936 iis
822 2880 1000 2957 praesertim,
1026 2897 1145 2956 quarum
1176 2877 1241 2942 Div.
1262 2878 1310 2937 Jo-

186 2981 274 3022 annes
294 2962 394 3042 Apost.
415 2963 443 3020 in
465 2982 517 3020 sua
541 2960 712 3040 Apocalypsi
735 2964 875 3039 meminit,
896 2963 933 3022 de
958 2964 1018 3022 aliis
1043 2983 1173 3040 quoque,
1196 2983 1309 3040 quarum

187 3066 255 3106 usus
276 3047 330 3104 hoc
350 3047 411 3106 aeri
432 3048 508 3125 apud
526 3065 623 3104 omues
638 3047 804 3123 percrebuit,
828 3047 889 3106 libri
915 3049 981 3111 dno.
1011 3047 1098 3106 Paris.
1119 3044 1210 3111 1547.
1228 3044 1309 3108 8.-

189 3130 312 3189 Pleut'ur:
333 3130 434 3206 'liguri
456 3125 548 3192 1565.
571 3125 600 3188 8.
622 3129 753 3190 Francof.
776 3127 866 3192 1596.
889 3127 939 3190 12.
968 3127 1058 3192 1626.
1079 3129 1127 3196 12.
1145 3131 1243 3192 Etthus
1256 3151 1308 3192 eutr

189 3213 289 3274 Frons.
314 3214 431 3276 Valles
453 3214 625 3297 philosophie
644 3233 733 3280 socru
770 3214 866 3296 Logd.
884 3211 975 3279 1622.
994 3213 1026 3279 8.
1052 3217 1092 3276 ib.
1114 3213 1206 3277 1652
1226 3213 1256 3281 8.

271 3393 341 3498 (3.
398 3395 744 3496 Meiltctrtu
791 3400 868 3497 tra
911 3402 1192 3502 ecclesio

534 3515 932 3616 Christiania.

481 3699 533 3770 a.
587 3684 986 3772 Generatim.

152 3835 223 3894 Geo.
245 3831 333 3898 Henr.
355 3834 468 3895 Goetz
494 3837 531 3896 de
554 3835 694 3913 theologis
714 3839 948 3917 pseudomedicis‚
976 3863 1043 3902 num
1068 3841 1203 3919 theologo
1227 3845 1310 3900 artem

195 3921 330 3978 medicam
351 3938 480 3980 exercere
500 3921 590 3980 liceat.
633 3923 757 3998 Trejecti
767 3925 804 3980 ad
816 3924 905 3984 Rhen.
919 3921 1010 3988 1663.
1025 3923 1055 3986 4.
1082 3925 1159 4005 Lips.
1180 3921 1270 3990 1760,
1280 3922 1307 3986 4.

151 4003 237 4068 hlich.
263 4002 412 4062 Alberti
427 4007 565 4083 specimen
582 4006 734 4066 medicinae
753 4008 939 4084 theologicae.
961 4009 1032 4067 Cum
1043 4012 1217 4089 praefatione
1227 4008 1309 4068 Lan·

195 4089 253 4164 gii.
288 4087 352 4146 Hal.
365 4083 457 4152 1726.
471 4086 502 4155 8.
529 4095 741 4164 (opusculorum
755 4105 835 4150 antea
849 4101 883 4152 ab
895 4106 1006 4152 auctore
1017 4099 1151 4154 editorum
1165 4097 1307 4156 collectio.)

151 4171 196 4236 Jo.
224 4172 312 4230 Andr.
338 4173 467 4232 Bosius
491 4175 527 4233 de
548 4175 650 4233 clinicis
672 4177 773 4236 veteris
795 4179 934 4239 ecclesiae.
964 4169 1029 4239 'Jen.
1045 4174 1136 4240 1657.
1151 4176 1181 4238 4.
1210 4188 1308 4255 (Clinici

198 4253 294 4308 veteris
312 4253 439 4308 ecclesias
456 4255 609 4310 dicebantur
625 4255 652 4319 ii,
672 4257 717 4326 qui
734 4257 762 4311 in
779 4258 889 4314 articulo
906 4260 997 4314 mortis
1008 4260 1237 4332 'baptizabantur.)
1369 4303 1371 4343 Ι

155 4326 229 4467 (ἰεὶ.
250 4325 496 4470 Heppbglaitiu
503 4329 513 4386 i
535 4329 573 4388 de
600 4327 688 4388 thuris
712 4330 740 4389 iu
761 4337 887 4392 veterum
908 4333 1128 4394 Christianorum
1147 4335 1233 4394 sacris
1254 4349 1307 4392 usu.
1369 4349 1370 4354 ¹

223 4427 273 4488 ιρι.
379 4453 387 4469 .
431 4452 440 4470 .
