2808 4872
524 296 664 360 11001000
682 295 812 376 mythice
1213 291 1257 360 99

128 451 272 514 delivered
303 454 335 510 at
364 449 413 510 the
445 451 623 530 anniversery
654 451 779 528 meeting
810 450 845 510 ct
873 448 922 510 the
953 448 1072 510 medical
1093 449 1200 530 society
1224 450 1259 512 ct'

15 587 16 592 ,
127 537 265 612 London,
291 532 332 595 19
352 534 477 614 January
500 530 598 611 1778,
623 541 655 594 10
678 537 767 595 which
792 555 840 594 are
864 537 940 594 since
959 536 1054 594 added
1080 535 1256 596 000100111-

129 623 243 682 ston'cal
269 621 458 684 illustratione.
501 619 595 684 Lond.
620 616 710 682 1778.
734 615 854 696 (1779.)
874 616 904 683 8.
948 625 1002 692 (De
1022 625 1154 678 medicina
1174 631 1254 680 vetn-

14 713 15 768 ζ
131 703 247 760 ctissime
265 703 379 772 mythice
397 708 545 772 comparate
563 719 620 754 curn
638 701 763 755 hodierne
780 701 880 756 rudium
898 701 1051 771 populorum
1068 701 1214 768 medicina.)

85 774 166 840 Frid.
188 779 352 836 Boerner
377 776 413 833 de
434 793 500 834 vera
521 775 673 833 medicinae
692 775 798 850 origiue
820 773 1033 852 potioribusque
1053 775 1113 852 ejus
1129 777 1167 834 ad
1181 775 1255 856 Hip·

129 863 365 940 possessosque
390 865 518 938 tempora
542 859 716 918 incrementis
743 859 869 922 diatribe.
912 859 1054 936 Viteberg.
1068 855 1160 922 1754.
1170 856 1256 923 4...

14 941 15 974 l
129 945 220 1004 Redit
239 949 270 1004 in
301 947 404 1004 Boern.
428 949 504 1004 noct
540 943 660 1022 Guelph.
684 938 778 1004 1755.
806 961 873 1021 pag.
894 937 1072 1009 244-267.
1117 950 1188 1018 (Cir.
1208 951 1253 1004 Jc.

14 1013 16 1026 ¹
129 1025 276 1080 Palmerius
301 1027 340 1079 de
367 1025 632 1078 Grentesmenil
659 1042 695 1077 cn
718 1024 849 1077 medicina
872 1031 990 1094 ternpore
1014 1026 1129 1094 mythico
1155 1027 1184 1080 irs
1203 1045 1254 1082 neos

127 1097 218 1164 fucrit
235 1095 262 1147 in
279 1093 407 1147 d’Orrille
425 1095 495 1148 obss.
513 1093 618 1150 miscell.
637 1092 711 1149 Xlll.
729 1091 801 1160 336.)

14 1201 18 1242 c,
85 1167 205 1244 Haquin
237 1167 419 1242 Wittberg
454 1168 565 1244 (praes.
591 1165 677 1229 Laur.
709 1165 741 1227 P.
767 1163 897 1245 Wshlin)
931 1165 998 1230 diss.
1024 1167 1120 1245 inaug.
1153 1155 1253 1234 abiens

129 1253 235 1330 primas
258 1253 377 1328 origines
402 1251 564 1310 medicinae.
606 1249 692 1308 Lund
718 1244 810 1312 1800.
831 1245 861 1309 4.

85 1332 167 1396 Rich.
190 1337 308 1396 Miller
331 1336 522 1412 disquisitione
544 1335 572 1394 in
593 1335 642 1394 the
665 1335 773 1412 history
787 1335 822 1393 os
831 1335 983 1394 medecine
1012 1333 1045 1398 P.
1062 1334 1083 1394 l.
1099 1335 1254 1416 exhibiting

14 1455 15 1482 0
128 1441 147 1480 a
171 1422 242 1480 view
264 1422 299 1480 oi
315 1421 428 1499 physic,
469 1438 501 1478 as
533 1421 671 1478 observed
702 1425 732 1478 to
759 1419 876 1478 flourish
901 1421 930 1479 in
954 1426 1062 1480 remote
1089 1423 1203 1502 periodo
1224 1425 1254 1484 in

14 1501 16 1558 ἶ
127 1505 245 1584 Europe
269 1507 326 1564 and
348 1506 397 1564 the
417 1505 496 1563 East.
539 1504 643 1563 Edinb.
672 1497 764 1566 1811.
789 1499 819 1566 8.
1058 1563 1061 1572 ,

14 1563 16 1618 l
83 1589 161 1654 Will.
179 1589 440 1732 111001130οἒοὲΞο
466 1589 540 1688 diss.
562 1589 656 1731 ipatug.
684 1589 739 1730 ἓξ
757 1587 1015 1732 qniqupollinaris
1040 1608 1075 1650 ex
1100 1608 1172 1652 aevo
1194 1588 1253 1652 Ae·

127 1693 205 1733 scua
226 1694 329 1733 rauca
431 1693 538 1732 enrcum
559 1692 643 1734 sau.
732 1694 788 1735 ur.
895 1722 902 1736 .

83 1756 132 1821 Jo.
158 1696 347 1818 Hdurnius
367 1759 457 1818 oratio
480 1759 517 1816 de
537 1759 691 1816 medicinae
713 1758 829 1834 origine,
850 1756 1065 1836 Aesculapidnm
1085 1777 1120 1816 ac
1139 1759 1253 1841 ffippo-

127 1845 212 1902 cratis
237 1845 324 1922 stirpe
348 1849 378 1902 et
409 1843 526 1922 scriptis.
580 1841 675 1918 Lugd.
700 1843 764 1905 Bat.
795 1837 886 1904 1584.
908 1837 939 1904 4.
974 1844 1011 1906 ib.
1038 1839 1130 1907 1589.
1151 1840 1182 1909 4.
1213 1847 1251 1911 ib.

127 1923 222 1992 1608.
242 1925 273 1992 4.
296 1934 321 1988 et
340 1931 371 1988 in
395 1927 472 2008 Opp.
494 1947 570 1992 omn.
595 1925 690 2004 Lugd.
714 1927 779 1991 Bat.
802 1923 894 1990 1609.
915 1923 945 1986 4.
967 1929 1003 1992 ib.
1022 1923 1115 1988 1658.
1138 1930 1159 1988 t.

294 2115 344 2200 b·
395 2112 501 2196 Ite'o·
523 2118 581 2198 ct
608 2116 808 2200 heroes
831 2113 1044 2200 0000101.
1169 2139 1174 2146 ·

81 2269 130 2328 Jo.
152 2267 231 2328 Frid.
252 2268 376 2347 Meyer
401 2270 437 2327 de
458 2267 624 2328 valetudinis
647 2269 699 2326 diis
721 2270 883 2346 deabusque
908 2275 1032 2328 veterum
1053 2271 1176 2348 gentium
1190 2289 1252 2332 me-

127 2355 207 2415 dias.
250 2353 328 2432 Lips.
352 2347 442 2416 1670.
466 2348 496 2416 4.
540 2366 611 2434 (co.
625 2367 754 2437 spresgc
771 2368 900 2438 nesrrsge
912 2386 937 2423 s.
955 2369 988 2422 c.
1001 2369 1026 2421 a.
1045 2369 1084 2424 u.
1101 2370 1150 2426 ur.
1164 2370 1251 2442 arg.)

82 2437 129 2502 Jo.
152 2439 243 2498 Henr.
264 2459 334 2497 von
357 2438 486 2498 Seelen
513 2439 549 2497 de
571 2439 623 2496 diis
649 2441 811 2515 deabusque
833 2448 957 2499 veterum
978 2441 1104 2518 gentium
1127 2444 1251 2504 medicis.

126 2521 235 2586 Lnbec,
262 2519 354 2586 1736.
378 2519 408 2585 4.
452 2527 564 2595 (Theol.
588 2534 661 2579 auct.
684 2529 774 2596 opus.)
1202 2535 1203 2540 ’

82 2607 181 2669 Carol.
205 2608 284 2671 Frid.
306 2608 598 2666 llundertmarclr
622 2609 781 2667 exercitatio
804 2609 840 2667 de
861 2609 1030 2687 principibus
1046 2609 1098 2667 diis
1112 2611 1178 2668 artis
1192 2629 1252 2670 me-

125 2693 207 2750 dicae
227 2692 389 2751 tutelaribus
411 2693 488 2770 apud
512 2697 621 2750 veteres
640 2692 765 2752 Graecos
786 2699 872 2768 atque
892 2693 1044 2756 Romanos.
1065 2691 1143 2772 Lips.
1159 2690 1251 2760 1735.

124 2772 156 2838 4.
178 2811 222 2821 -
253 2776 350 2834 Reces.
372 2781 402 2834 in
425 2775 601 2836 Achermann
633 2796 729 2854 opusc.
760 2777 797 2835 ad
829 2778 928 2838 medic.
955 2777 1052 2836 histor.
1084 2781 1251 2858 pertinentia

125 2859 271 2936 (Norimb.
295 2855 387 2922 1797.
408 2856 452 2940 8.)
479 2881 546 2940 pag.
570 2857 697 2922 1-48.
729 2866 848 2936 ’(00010
869 2867 1036 2920 elucubratio
1059 2868 1094 2922 de
1114 2868 1251 2940 Apolline,

124 2941 292 3012 Aesculapio,
311 2942 416 3011 Hygea‚
434 2943 555 2996 Penecea
573 2942 618 3010 el.)

80 3015 140 3078 Jul.
161 3014 228 3078 Car.
250 3015 452 3092 Schlaeger
477 3015 673 3074 commentatio
696 3015 733 3073 de
755 3015 807 3073 diis
827 3014 1043 3093 hominibusque
1062 3019 1252 3080 servatoribus

125 3119 160 3158 ex
182 3100 272 3158 numis
295 3105 382 3175 atque
408 3100 590 3158 'marmoribus
618 3100 736 3157 vetustis
757 3101 795 3158 ad
816 3101 893 3158 varia
919 3101 1097 3180 epistolarum
1121 3101 1252 3164 Paulina·

24 3249 28 3254 ,
124 3204 188 3243 rum
209 3183 280 3246 loca.
324 3184 499 3246 Helmestad.
523 3178 614 3248 1737.
639 3179 669 3246 4,
694 3219 732 3230 -
761 3182 826 3242 Cum
846 3181 868 3244 4
891 3188 961 3248 tabb.
987 3207 1046 3244 cen.
1070 3207 1188 3246 nummos
1206 3184 1249 3248 48

126 3269 219 3332 ersis.
265 3274 317 3342 (De
329 3274 381 3326 diis
394 3280 422 3326 et
432 3273 538 3326 heroib.
551 3273 708 3342 cognomine
721 3265 832 3348 σωτήρ,
850 3275 979 3342 salvator,
996 3275 1134 3344 insignitis
1145 3277 1192 3345 al.)

81 3352 153 3417 Phil.
175 3353 254 3416 Frid.
277 3353 452 3414 Germano
485 3355 523 3413 de
555 3353 615 3412 Diis
640 3354 753 3413 medicis
785 3355 824 3413 ad
850 3355 934 3414 Ovid.
956 3355 1069 3418 Metam.
1090 3355 1111 3415 l.
1134 3353 1197 3422 521
1221 3363 1252 3418 et

124 3437 200 3500 Cels.
225 3440 345 3516 praefat.
387 3440 513 3498 Miserae
538 3433 628 3500 1740.
649 3433 678 3503 4.

82 3521 123 3585 Η.
150 3522 181 3586 P.
204 3523 235 3580 S.
259 3523 430 3604 (Schlosser)
458 3525 495 3582 00
516 3525 586 3581 divis
609 3521 855 3582 obstetricantibus
880 3529 908 3581 et
929 3523 1001 3582 circe
1021 3531 1133 3602 partum
1153 3544 1250 3586 recens

126 3609 235 3666 editum
259 3609 399 3686 occupatis
428 3628 462 3668 ex
488 3609 655 3684 antiquitate
680 3608 810 3666 Romana
834 3608 966 3672 nonnihil.
1008 3607 1140 3672 Francos.
1162 3631 1188 3674 a.
1209 3609 1250 3676 Μ.

128 3687 221 3752 1767.
243 3689 273 3753 4.
318 3697 394 3763 (Jcti
414 3713 481 3768 opus
502 3697 537 3749 ad
559 3697 672 3766 mythol.
691 3697 854 3766 pertinens.)

82 3775 216 3835 Gerhard
237 3773 329 3836 Adam
353 3775 544 3837 Neuhofer
576 3779 613 3835 de
645 3777 703 3836 Diis
725 3777 873 3836 salutiferis
898 3777 976 3856 apud
995 3783 1104 3838 veteres
1125 3779 1250 3840 Graecos

125 3869 214 3937 atque
235 3860 388 3925 Romanos.
431 3863 544 3920 Altorrii
566 3857 656 3922 1793.
681 3857 711 3924 4.
755 3867 867 3934 (Theol.
889 3872 961 3920 0001.
979 3868 1069 3937 opus.)

82 3945 115 4010 C.
140 3944 174 4009 A.
198 3946 232 4006 Β.
257 3947 302 4004 die
334 3947 561 4024 heilbringenden
598 3947 708 4010 Giitter.
758 3945 829 4006 Eine
861 3945 1083 4024 Neujahrsgabe.
1126 3943 1250 4010 Weimar

126 4025 220 4090 1803.
245 4023 276 4092 8.
299 4063 338 4076 -
362 4031 457 4092 Romu.
478 4034 506 4088 in
528 4031 651 4090 Bertuch
672 4031 789 4090 Journal
810 4034 860 4090 des
881 4030 979 4091 Luxus
996 4035 1054 4092 und
1070 4034 1120 4091 der
1131 4031 1248 4106 Moden‚

125 4109 227 4188 1803,
255 4115 364 4176 ianuar
387 4119 418 4179 S.
439 4113 460 4174 3
482 4117 522 4191 ig.
548 4122 573 4174 et
591 4119 621 4174 irs
642 4116 771 4192 Bittiger
792 4117 882 4175 lleiue
902 4117 1055 4188 Schriften,
1087 4117 1251 4194 gesamrnelt

123 4219 153 4262 v.
177 4199 233 4262 Jul.
255 4200 345 4277 Sillig,
367 4201 422 4265 Bd.
449 4199 470 4262 l.
495 4201 525 4262 S.
550 4195 592 4260 93
617 4203 656 4276 sg.
702 4205 778 4274 (Cer.
800 4205 872 4276 Aug.
894 4206 1044 4274 Bittigeri,
1066 4197 1184 4260 celebris
1204 4224 1250 4260 er-

125 4280 273 4348 0100010ςί,
291 4281 482 4352 disquisitiones
500 4280 571 4334 circe
588 4279 768 4352 Aesculapium
785 4284 848 4350 etc.)

79 4353 124 4413 Jo.
152 4353 217 4410 Alb.
239 4353 343 4414 Sebiz
369 4357 434 4414 diss.
461 4357 498 4414 de
526 4351 693 4435 Aesculapio
719 4356 865 4415 inventore
891 4354 1054 4414 medicinae.
1096 4353 1247 4433 Argentor.

121 4433 216 4498 1669.
238 4432 267 4496 4.
