2808 4872
572 183 670 246 Cicero
691 218 733 228 —
755 183 870 250 Plinius.
1264 181 1306 246 55

128 329 231 394 Adam
254 335 335 395 hlicb.
357 335 532 396 Birlrhola
554 337 652 398 Cicero
678 340 819 416 medicus,
841 341 870 400 11.
892 361 919 403 1.
945 340 1039 400 selecti
1064 340 1141 404 111.
1164 337 1200 398 Τ.
1223 339 1303 398 Cice-

176 421 256 478 ronis
282 423 414 500 operibus
439 423 510 496 loci,
539 423 582 482 vel
605 424 717 482 omnino
743 426 855 502 medici,
876 425 921 484 vel
942 427 1069 484 facillime
1092 427 1129 484 ad
1150 444 1194 482 res
1221 426 1302 482 disci-

176 505 327 584 plinasque
349 508 470 566 medicas
491 510 683 570 transterendi.
727 508 804 588 Lips.
828 505 1033 574 180118.-
1056 507 1126 568 Nou.
1154 513 1197 568 tit.
1221 507 1300 588 Lips.

178 585 272 649 1813.
298 587 327 651 8.
372 597 539 664 (Secundum
553 598 700 650 editionem
714 616 791 668 quam
806 600 843 655 Is.
860 601 987 668 Verburg
1008 600 1093 656 Amst.
1112 599 1190 653 1724.
1209 598 1236 652 4.
1255 615 1301 650 cu-

177 672 265 738 ravit;
283 673 345 726 boni
362 674 461 728 indices
479 675 574 743 adjecti
592 681 662 741 sunt,
681 677 727 728 sed
745 677 818 730 deest
835 677 917 730 omnis
935 677 1083 746 explicatio,
1102 675 1206 729 varians
1223 674 1299 728 lectio

179 747 208 792 et
225 743 443 812 commentarius.)

130 808 199 872 Alb.
221 814 328 891 Gcorg.
351 815 472 876 Walch
494 835 587 894 progr.
614 815 814 894 psycholcgiae
835 817 1033 876 Ciceronianae
1047 818 1156 894 specim.
1184 813 1299 874 Schlen-

175 899 249 974 sing.
272 896 364 963 1776.
393 895 423 957 4.
475 907 552 973 (Cir.
570 906 684 960 Hieron.
709 907 750 957 de
772 907 867 958 Bono
889 906 922 956 de
939 905 1040 958 medica
1053 907 1191 972 facultate
1211 905 1239 956 in
1259 903 1297 958 M.

183 981 213 1030 Τ.
238 981 361 1033 Cicerone
377 990 510 1051 compertu
525 983 551 1034 in
568 981 666 1036 Nuova
683 983 799 1034 raccolta
817 982 958 1052 d'cposcoli
976 981 1086 1034 scientis.
1109 981 1158 1034 lll.
1181 981 1251 1047 129.)

132 1051 202 1109 Sim.
224 1052 294 1111 Paul
326 1054 491 1114 Hilscher
516 1075 626 1134 progrr.
660 1056 696 1113 de
727 1055 861 1112 methodo
883 1055 1023 1112 Ciceronis
1045 1056 1141 1113 tuendi
1164 1053 1298 1112 valetudi-

175 1157 250 1198 nem.
296 1133 525 1198 1111117344.
571 1145 735 1214 (Praecepta
749 1144 897 1196 diaetetica
911 1163 945 1197 ex
960 1145 992 1198 C.
1010 1145 1087 1212 opp.)

129 1219 179 1280 Jo.
202 1223 337 1280 Hadrian.
360 1223 511 1300 Slevogt
535 1226 603 1288 dise.
628 1227 665 1284 de
694 1225 732 1287 M.
755 1224 839 1283 Tullii
866 1225 1007 1284 Ciceronis
1031 1224 1137 1281 vomitu
1165 1245 1296 1302 ακρατου

175 1315 274 1384 potae.
318 1308 406 1366 senae
430 1303 523 1368 1710.
545 1305 575 1366 4.
619 1313 673 1381 (11
687 1314 778 1382 Epist.
791 1315 825 1365 aa
839 1315 920 1369 rimu.
937 1313 1066 1380 mur.)

9 1423 10 1436 1
126 1389 203 1450 Jeau
226 1393 361 1450 Goulin
382 1393 447 1450 diss.
475 1395 546 1452 dans
567 1394 686 1470 laquelle
708 1415 744 1452 on
769 1394 898 1472 euplique
919 1414 957 1452 1111
978 1411 1098 1470 passage
1119 1395 1156 1450 ‹le
1178 1391 1297 1450 Ciceron

172 1477 269 1536 relatif
286 1479 304 1535 1
325 1477 352 1534 11
374 1479 517 1537 medecina
538 1485 567 1536 et
588 1479 660 1536 daus
680 1479 801 1553 laquelle
822 1499 861 1537 on
883 1480 1030 1537 demontre
1050 1497 1105 1554 que
1115 1477 1203 1553 Lyso,
1227 1477 1298 1534 dont

170 1562 252 1639 parle
272 1568 318 1620 cet
338 1571 437 1621 auteur
461 1581 497 1621 ne
518 1563 561 1621 sut
581 1565 661 1640 point
686 1565 827 1636 medecin,
851 1565 914 1621 bien
936 1581 992 1638 que
1012 1563 1145 1635 Bernier,
1171 1561 1296 1632 Leclerc,

169 1647 246 1724 Eloy
278 1654 306 1705 et
337 1646 475 1705 Matthiae
499 1648 536 1705 lui
567 1650 641 1706 aient
674 1649 769 1706 donne
797 1653 870 1706 celte
895 1648 1007 1724 qualite.
1051 1647 1129 1704 Paris
1155 1641 1245 1705 1779.
1267 1641 1296 1704 4.

170 1727 228 1795 (lld
252 1727 338 1796 Epist.
357 1728 390 1780 ad
409 1729 487 1781 1111111.
506 1728 578 1784 XVI.
597 1729 623 1783 4.
642 1728 680 1796 5)

8 1795 9 1804 ’
125 1797 193 1858 Von
216 1800 452 1876 Wahrsagungen
480 1803 539 1859 und
561 1802 802 1878 Weissagungen,
841 1800 1045 1859 beurlrundeud
1072 1801 1124 1857 das
1154 1797 1296 1870 seelische‚

170 1885 227 1942 hell
249 1887 307 1942 und
323 1886 525 1944 umstiindliche
545 1886 793 1962 Sehe-Vermdgen
816 1885 843 1943 in
866 1886 911 1942 die
931 1885 1033 1960 Ferae,
1057 1885 1100 1942 ins
1114 1883 1297 1958 Verborgene

170 1970 231 2026 und
260 1971 288 2025 in
312 1971 356 2027 die
384 1971 519 2032 Zulrunst,
563 1969 616 2028 Ein
646 1967 763 2046 Auszug
787 1989 837 2028 aus
864 1970 987 2028 Cicero’s
1009 1969 1138 2028 thhern
1160 1970 1229 2026 iiber
1251 1968 1297 2024 die

169 2051 344 2125 Divination,
367 2055 417 2111 mit
439 2056 528 2112 ciuem
549 2053 687 2130 Anhange
708 2075 762 2112 von
778 2054 1012 2130 Wahrsagungen
1035 2073 1084 2112 aus
1108 2049 1296 2112 1111311111-

168 2157 369 2214 vergangenen
394 2141 453 2198 und
474 2141 538 2198 dem
557 2140 681 2216 jetzigen
701 2139 914 2198 Jahrhunderte.
959 2138 1098 2198 Sulzbach
1121 2133 1213 2200 1832,
1236 2132 1266 2196 8.

558 2305 620 2368 QQ.
673 2305 867 2361 Seneca.

117 2411 197 2471 Just.
218 2408 370 2488 Lipsius
391 2410 583 2488 physiologiae
604 2412 762 2470 Stoicorum
784 2411 844 2468 libri
866 2410 913 2468 lll.
928 2409 963 2473 L.
988 2407 1061 2469 Ann.
1084 2411 1208 2470 Senecae
1222 2408 1295 2465 aliis·

166 2513 225 2571 que
246 2496 427 2573 scriptoribus
448 2497 624 2555 illustrandis.
668 2490 881 2558 Lovan.1604,
896 2491 943 2558 lt.
960 2529 1004 2538 —-
1014 2495 1109 2554 Berua
1124 2498 1154 2553 ia
1169 2493 1203 2551 L
1216 2493 1293 2570 opp,

170 2583 246 2636 etin
266 2581 312 2641 Jo.
335 2581 420 2658 Bapt.
443 2582 608 2639 Bernard
628 2583 754 2639 seminar.
777 2582 864 2638 totius
882 2580 1075 2658 philosophiae
1089 2580 1201 2638 Stoicae
1222 2579 1252 2639 S.
1276 2577 1293 2639 l.

168 2659 262 2723 1605.
285 2665 305 2725 f.
350 2670 517 2738 (Exponitur
532 2671 685 2722 Stoicorum
700 2669 825 2722 doctrina
839 2671 873 2721 de
887 2671 983 2721 mundo
999 2677 1027 2721 et
1041 2668 1168 2734 homine.)

115 2750 171 2812 Jo.
194 2747 253 2806 Jac.
279 2748 431 2808 Kirsten
457 2752 544 2829 (resp.
567 2749 656 2808 Andr.
679 2749 737 2812 Jac.
763 2749 878 2808 Kirsten
903 2755 931 2806 et
952 2750 1034 2816 Gust,
1050 2750 1149 2824 Georg
1166 2747 1294 2826 Zeltuer)

169 2833 207 2890 de
228 2835 337 2892 Seneca
358 2835 484 2912 medico,
505 2837 535 2894 id
556 2844 599 2893 est
622 2836 658 2892 de
680 2835 846 2910 quibusdam
869 2834 1014 2910 utriusque
1035 2836 1159 2892 Senecae
1180 2839 1293 2890 senten-

167 2917 215 2974 tiis
237 2919 360 2976 medicis.
404 2917 507 2978 Altorf.
531 2915 623 2979 1738.
645 2913 691 2990 4.;
714 2919 748 2977 ll.
771 2919 807 2976 ib.
832 2913 925 2978 1743.
948 2915 994 2990 4,;
1016 2917 1064 2982 111,
1086 2919 1123 2980 ib.
1148 2911 1240 2976 1744.
1263 2914 1292 2975 4.

6 3007 8 3024 “
117 3003 173 3061 Jo.
188 3001 263 3064 Dan.
286 3002 443 3062 Schulze
465 3005 589 3064 Senecae
611 3004 820 3062 observationes
843 3005 999 3062 denatura
1021 3004 1168 3074 infantum,
1191 3021 1293 3079 puerc-

166 3107 228 3146 rum
251 3093 281 3145 et
301 3087 517 3151 adolescentum.
560 3088 669 3150 Luben.
693 3083 786 3149 1808.
807 3083 835 3149 4.
880 3093 957 3158 (cfr.
979 3111 1085 3162 quoqne
1106 3092 1203 3144 Pierre
1224 3092 1292 3142 Sne

167 3185 216 3220 sur
233 3170 356 3236 quelques
377 3187 457 3234 passu
479 3189 505 3222 es
523 3171 568 3222 des
585 3172 676 3222 lettres
701 3171 864 3236 deseritque
882 3170 906 3220 te
921 3171 1077 3238 philosophe
1092 3169 1200 3234 salutisa
1220 3169 1238 3220 ὰ
1259 3170 1292 3220 la

165 3238 298 3289 medecina
315 3237 341 3288 in
360 3237 437 3290 Mem.
456 3188 489 3302 de
503 3239 529 3290 la
546 3255 600 3294 soc.
619 3237 744 3290 medicale
763 3237 897 3301 d'emulet3
917 3242 1008 3290 Annee
1027 3239 1072 3290 VI.
1091 3255 1116 3306 p.
1136 3237 1209 3302 403.)
1312 3247 1315 3251 “

6 3331 8 3354 1
116 3311 208 3370 Giov.
230 3309 304 3367 Mar.
332 3310 557 3369 Zecchinelli
589 3329 672 3387 sopra
696 3329 752 3368 una
777 3309 901 3366 malattia
932 3312 960 3368 di
987 3311 1094 3368 Seneca
1121 3310 1141 3365 11
1168 3309 1291 3385 filosofc,

166 3395 204 3451 da
226 3394 265 3451 lui
287 3395 418 3452 descritta
443 3403 518 3456 sotto
551 3395 570 3452 il
602 3413 685 3452 nome
710 3395 739 3452 di
772 3394 918 3470 suspirium
950 3395 1022 3452 nella
1043 3413 1095 3452 sua
1116 3394 1215 3452 lettera
1239 3388 1289 3456 54.

167 3476 285 3537 Padova
310 3473 400 3542 1817.
422 3474 452 3541 8.
497 3484 641 3554 (Auginum
655 3482 775 3554 pectoris
790 3483 896 3552 luisse.)

491 3627 549 3681 llll.
611 3627 764 3681 Plinius
789 3629 916 3695 major.

6 3671 9 3720 l
116 3731 191 3792 Ant.
212 3731 299 3796 Laur.
325 3729 516 3811 Appollinaire
540 3733 612 3794 Fe'e
644 3733 727 3810 eloge
762 3735 799 3793 dc
830 3733 909 3792 Pline
940 3732 966 3790 le
997 3733 1168 3796 naturaliste.
1212 3732 1290 3791 Paris

167 3812 260 3880 1821.
282 3813 323 3890 8.,
344 3819 382 3880 ib.
406 3814 497 3880 1827.
519 3815 550 3880 8.

6 3965 7 3970 1
115 3901 213 3962 Nicol.
229 3900 387 3961 Leonice
396 3923 457 3962 uus
471 3904 551 3962 Plinii
562 3922 595 3961 ac
605 3903 724 3982 plurium
736 3901 853 3960 aliorum
867 3907 1023 3974 auctorum,
1045 3903 1093 3978 qui
1112 3902 1149 3959 de
1161 3902 1289 3979 simplici-

165 3989 218 4046 bus
229 3987 456 4047 medicaminibus
467 3990 647 4066 scripserunl,
664 4006 771 4046 errores
789 3988 887 4044 notati.
914 3987 1022 4044 Ferrar.
1039 3987 1118 4064 impr.
1138 4006 1189 4064 per
1203 3985 1288 4044 Laur.

166 4073 202 4130 de
229 4070 360 4138 Valentia
381 4079 411 4131 et
434 4071 576 4132 Andream
608 4075 644 4131 de
670 4071 848 4130 Castronovo
869 4072 961 4130 socios
985 4067 1032 4129 18.
1052 4071 1119 4128 Dec.
1143 4067 1234 4128 1492.
1259 4065 1288 4128 4.

164 4187 212 4201 -
235 4153 300 4214 Cum
325 4157 476 4236 defensione
501 4165 594 4216 contra
617 4155 737 4218 Hermol.
759 4155 879 4219 Burbcr.
901 4163 927 4214 et
950 4175 1007 4213 cum
1028 4155 1140 4232 epr'etolc
1154 4153 1287 4218 11111111.

165 4237 343 4300 Menochium.
366 4242 476 4303 Ferrar.
492 4238 585 4305 1509.
610 4237 640 4305 4.
666 4275 710 4287 —-
734 4239 798 4301 Cum
822 4242 886 4300 aliis
907 4239 1068 4298 Leonicem':
1089 4240 1172 4298 Basil.
1197 4234 1287 4298 1529.

164 4319 206 4399 4.,
227 4326 264 4392 ib,
288 4322 380 4392 1532.
401 4329 423 4391 f.
478 4340 671 4410 (Leonicenus,
691 4339 729 4394 ita
746 4339 833 4392 dictus
849 4339 883 4390 ab
900 4355 961 4392 arce
978 4337 1081 4408 Lonigo
1098 4354 1121 4393 s.
1136 4335 1287 4405 laconicum,
