2808 4872
110 306 146 350 lv

112 427 200 511 ptum
223 427 266 492 sit
298 429 332 492 et
361 424 434 514 quid
458 377 562 496 adhuc
588 422 688 517 desit,
714 445 808 513 quam
833 424 945 493 varim
973 421 1108 510 deniqne
1133 421 1195 488 sint
1219 439 1284 488 res

114 557 156 625 ad
181 558 264 628 hanc
285 559 451 630 historiam
476 561 643 654 facientes,
668 560 751 630 hanc
775 561 925 652 putabam
950 557 1023 628 fore
1051 556 1149 646 hujus
1173 557 1283 624 libelli
1381 607 1382 610 ,

113 695 178 762 vim
203 699 236 763 et
264 717 368 766 usum
418 697 486 767 Aut
510 701 593 766 enim
618 697 746 766 omnino
772 692 999 786 dereliqucnda
1023 697 1074 762 est
1098 692 1283 762 medicinae
1381 700 1382 709 ’

114 835 147 896 et
172 831 322 902 scientiae
346 836 502 904 naturalis
528 833 675 926 historia,
691 837 756 902 aut
774 833 948 924 prudenter
965 829 1141 899 haurienda
1164 828 1282 899 elon-

113 967 196 1036 tibus
218 973 308 1058 puris
334 975 366 1038 et
391 973 541 1061 copiosis.

216 1105 287 1174 liae
312 1129 478 1178 excausa
508 1129 573 1179 non
598 1107 755 1178 delectum
781 1104 860 1176 dare
884 1105 991 1196 volui,
1020 1103 1078 1172 sed
1104 1101 1208 1192 quoad
1245 1101 1285 1170 id

44 1344 46 1348 r
94 1239 184 1308 ‘lieri
209 1243 322 1335 potuit,
346 1209 475 1334 plenam
499 1245 711 1338 literaturam,
737 1239 850 1312 additis
876 1241 1033 1310 interdum
1048 1238 1178 1327 judiciis
1196 1257 1285 1306 cau-

114 1377 155 1443 lis
186 1381 220 1446 et
250 1383 447 1471 argumentis
475 1382 682 1452 brevissimis.
734 1381 854 1472 Omisi,
886 1380 996 1470 paucis
1024 1376 1186 1467 exceptis,
1212 1375 1288 1443 Vi·-

113 1517 164 1580 tas
190 1515 337 1608 singulas
367 1518 564 1588 medicorum
594 1521 796 1610 singulorum
828 1524 862 1587 et
891 1514 1110 1584 Bibliothecas
1140 1508 1287 1580 medicas

113 1653 268 1745 privatas,
294 1622 366 1724 cum
391 1657 448 1724 vix
474 1675 610 1746 unquam
635 1656 749 1746 aliquis
767 1651 849 1722 haec
868 1653 964 1744 plene
986 1668 1176 1720 enumerare
1195 1667 1285 1738 pos·-
1382 1644 1383 1647 ’

114 1793 166 1858 set
191 1793 225 1857 et
249 1791 281 1857 in
305 1795 475 1886 majorem,
500 1811 593 1882 quam
621 1808 683 1884 par
708 1800 771 1883 est,
797 1791 878 1859 liber
910 1786 1027 1858 molem
1060 1785 1135 1855 inde
1167 1787 1285 1853 incre·-

113 1925 226 1994 visset.
1170 1917 1174 1922 ’

65 2089 72 2100 ·
217 2061 262 2131 nt
286 2065 430 2152 quamvis
455 2064 557 2133 libros
580 2063 622 2132 de
645 2063 782 2132 historia
808 2061 1038 2153 epidemiarum
1063 2065 1222 2147 majorum
1250 2063 1287 2127 et

101 2199 297 2278 ,morborum
327 2200 529 2291 singulorum
554 2201 680 2292 plenius
705 2199 980 2290 enumeraverim,
1012 2197 1148 2265 abstinui
1173 2203 1286 2266 tamen

116 2338 155 2403 ab
182 2335 357 2405 indicandis
384 2335 541 2424 ejusmodi
566 2336 669 2428 libris,
696 2339 748 2425 qui
776 2335 949 2426 epidemias
974 2334 1121 2423 singulas
1146 2330 1209 2400 hoc
1226 2332 1285 2400 vel

115 2474 173 2542 illo
201 2493 285 2542 anno
318 2477 487 2566 grassatos
520 2477 675 2566 mactum,
709 2473 802 2562 idque
836 2491 875 2541 eo
902 2470 1061 2538 lubentius
1091 2467 1174 2559 leci,
1209 2487 1286 2536 cum

115 2609 300 2702 Haeserns,
334 2609 508 2680 Professor
533 2609 705 2701 lenensis,
739 2613 856 2700 optime
883 2613 953 2698 jam
986 2605 1026 2674 de
1053 2604 1286 2696 epidemiarum

116 2747 220 2816 studio
256 2749 408 2839 meritus,
449 2747 714 2839 chronologicum
753 2745 1111 2838 epidemiographorum
1146 2741 1302 2823 indicem

109 2883 208 2980 prelo
234 2889 382 2973 paratum
405 2883 533 2952 habeat.

127 3051 130 3058 ¹
220 3017 375 3089 (ictorum
405 3018 487 3088 haee
519 3017 711 3087 bibliotheca
745 3017 1054 3086 medico-historica
1084 3035 1149 3084 non
1176 3014 1285 3084 solum

112 3156 306 3227 medicinam
337 3154 473 3223 hominis
505 3159 537 3222 et
571 3154 755 3222 animalium
793 3154 1055 3246 domesticorum,
1097 3152 1156 3222 sed
1188 3152 1286 3220 simul
1326 3173 1328 3178 ’

119 3313 244 3363 omnem
270 3313 378 3361 rerum
402 3273 595 3360 naturalium
622 3295 837 3384 cognitionem
867 3293 1097 3382 conplectitur,
1122 3292 1169 3359 uti
1193 3287 1286 3378 phy-

71 3419 73 3426 Χ
118 3435 224 3522 sicen,
256 3430 432 3521 chemlam,
465 3431 727 3522 mineralogiam,
759 3431 945 3522 botanicen,
972 3429 1176 3520 uoologiam,
1203 3443 1288 3514 quea
1368 3429 1370 3436 '

120 3569 263 3658 quamvis
284 3570 322 3636 'in
349 3571 420 3634 arte
444 3561 591 3634 indenda
615 3568 814 3658 singularem
835 3585 929 3636 usum
955 3565 1075 3632 habere
1099 3583 1163 3630 non
1187 3560 1289 3629 vide·

120 3708 226 3796 antur,
254 3723 274 3770 a
295 3703 418 3774 medica
442 3711 550 3774 tamen
575 3701 720 3774 doctrina
744 3704 890 3795 separari
921 3721 1023 3791 neque
1055 3680 1188 3791 debent,
1221 3717 1287 3764 ne-

121 3860 181 3930 que
206 3843 303 3909 etiam
325 3844 470 3930 possunt.

225 4009 413 4082 scribebam
439 4009 598 4104 llresdae,
627 4032 738 4080 mense
770 4011 868 4080 lunio
895 4005 1166 4114 mneccxnll.

1049 4276 1111 4361 In.
1136 4273 1231 4359 Oh.
