2766 4878
656 230 846 312 Pbysiologia.
1274 226 1332 302 151

208 380 261 440 ωἰε
280 379 431 458 Belgarum
456 382 559 447 meritis
587 383 615 446 iu
645 385 844 464 phoenomenis
866 389 896 446 et
920 386 1065 448 effectibus
1091 385 1234 465 principii,
1255 383 1333 461 quod

208 465 295 524 vitam
326 467 470 526 animalem
501 469 660 548 constituit,
691 472 859 548 indagandis
889 477 918 530 et
947 472 985 529 ad
1005 477 1109 530 statum
1131 471 1257 550 corporis
1280 469 1333 528 bu-

209 551 284 608 maui
303 569 403 610 sanum
430 557 459 611 et
480 553 641 614 morbosum
667 555 849 634 applicandis.
881 556 1021 632 Groning.
1047 549 1139 616 1781.
1160 550 1192 615 4.

163 632 296 693 Bernard
319 634 420 701 Frena.
446 638 616 698 Suermen
643 641 733 698 oratio
759 641 797 700 de
823 641 869 715 iis,
891 659 965 716 quae
989 661 1052 700 cum
1073 646 1182 700 veteres
1205 644 1266 698 tum
1287 657 1333 697 re-

209 720 356 792 centiores,
381 722 512 800 imprimis
536 723 637 782 Batavi
657 731 686 784 et
705 725 838 784 Germani
864 725 901 784 de
921 727 999 790 vitae,
1020 743 1173 802 corporeae
1197 723 1331 802 principio

190 804 398 883 philosophati
418 815 493 866 sunt.
518 807 625 868 Habita
645 811 674 870 d.
699 806 746 869 la.
767 810 853 870 lunii.
877 809 1061 871 Harderovici
1080 804 1170 868 1810.
1194 813 1247 881 (11)
1262 813 1332 882 Hip-

211 895 321 954 pocrate
342 903 424 955 nsque
441 889 474 944 ad
492 890 638 946 recentiore
655 895 795 960 tempora.)

162 955 242 1016 Diet.
264 958 353 1036 Leop.
374 961 632 1022 Zimmermann
654 964 799 1023 doctrinae
824 964 862 1024 de
887 963 979 1022 solido
1006 962 1071 1021 vivo
1099 961 1233 1039 origines.
1266 957 1331 1020 Hal.

163 1125 235 1186 Ero.
257 1128 378 1188 Godofr.
399 1127 602 1206 Baldinger
625 1131 662 1190 de
687 1132 805 1208 vestigio
820 1131 1011 1190 irritabilitatis
1029 1129 1207 1190 Hallerianae
1223 1129 1251 1186 in
1270 1146 1332 1189 mo-

208 1212 337 1272 nimentis
359 1219 492 1277 veterum.
536 1215 665 1291 Gotting.
690 1211 781 1278 1775.
791 1213 821 1276 4.
838 1249 880 1260 —
893 1215 1038 1296 supplem.
1057 1215 1094 1278 ib.
1107 1209 1198 1276 1778.
1215 1209 1246 1276 4.
1274 1211 1333 1272 Re-

208 1316 260 1355 cua.
281 1300 312 1355 in
339 1297 438 1373 Ejusd.
460 1317 572 1376 opusoc.
594 1302 688 1360 medd.

162 1380 241 1456 Aug.
267 1382 331 1440 Glo.
361 1383 489 1442 Weber
515 1386 711 1443 commentatio
737 1384 773 1443 de
799 1384 882 1442 initiis
906 1401 940 1442 ac
968 1383 1162 1463 progressibus
1189 1380 1334 1440 doctrinae

208 1467 405 1530 irritabilitatis.
437 1468 508 1526 Cum
535 1470 650 1530 historia
679 1468 865 1528 sensibilitatis
888 1475 975 1546 atque
999 1467 1188 1528 irritabilitatis
1213 1466 1334 1548 partium

208 1551 362 1615 morbosae.
405 1551 471 1616 Hal.
496 1547 588 1616 1783.
614 1549 644 1614 8.
668 1559 802 1630 (Copiosa
824 1566 853 1610 et
874 1559 947 1610 bona
967 1557 1122 1628 disquisitio
1144 1558 1178 1609 ab
1200 1553 1333 1626 antiquis-

208 1631 277 1684 simis
297 1632 455 1704 temporibus
472 1650 554 1704 usqoe
572 1635 606 1688 ad
624 1635 771 1700 Hellerum3
790 1633 842 1687 120
859 1641 886 1688 et
904 1635 954 1687 100
971 1635 1061 1704 pagg.)

162 1702 231 1762 Car.
252 1705 382 1783 Theoph.
404 1705 492 1770 Henr.
515 1707 592 1766 Frid.
617 1708 729 1785 Bursy
753 1708 1006 1765 animadversiones
1027 1703 1285 1764 historico-criticae
1304 1701 1333 1760 in

208 1789 364 1847 doctrinam
384 1791 420 1848 de
439 1808 587 1872 consensu,
603 1793 799 1870 antagonismo
820 1798 850 1852 et
864 1791 1038 1869 anteuergia‚
1056 1791 1123 1851 diss.
1141 1790 1235 1864 inaug.
1257 1787 1333 1847 Dor-

206 1881 265 1952 pat.
287 1869 379 1937 1815.
401 1870 431 1934 8.

522 2041 599 2108 cc
653 2023 978 2113 nammatio.

161 2177 258 2258 Cbpb.
283 2178 420 2257 Polycarp
443 2178 671 2256 Schneegass
692 2181 762 2240 siber
789 2182 835 2242 die
856 2181 1031 2257 Eraeugung
1056 2180 1126 2240 oder
1152 2175 1333 2253 Aulziibluug

207 2264 266 2322 rrnd
287 2264 489 2340 Beurtbeilung
513 2265 582 2326 aller
604 2265 760 2342 bisberigen
783 2267 1089 2342 Zeugungstbeoriecn.
1114 2264 1186 2324 Jena
1199 2257 1289 2324 1802.
1301 2256 1331 2320 8.

160 2347 208 2406 Jo.
234 2348 300 2408 Cbr.
322 2349 437 2408 Bauer
458 2351 524 2408 diss.
544 2351 638 2426 inaug.
661 2351 761 2409 sistens
782 2370 895 2410 examen
918 2351 1042 2409 criticum
1067 2349 1203 2408 variarum
1224 2347 1332 2426 opinio-

204 2452 272 2498 num
294 2434 331 2492 de
351 2435 545 2511 procreatione
566 2434 692 2494 homnis.
724 2435 840 2512 Erlaug.
866 2431 957 2495 1805.
979 2431 1009 2499 8.

160 2515 263 2577 Daniel
283 2516 313 2576 N
319 2520 470 2577 ewcomb
492 2519 561 2578 diss.
583 2539 620 2578 on
637 2519 686 2579 tbe
710 2520 841 2582 different
864 2521 985 2580 theorice
1009 2519 1071 2580 that
1091 2517 1163 2587 bave
1183 2515 1255 2574 been
1278 2515 1331 2571 ad-

204 2603 313 2660 vauced
338 2621 375 2660 on
401 2603 450 2662 the
473 2602 582 2678 subject
603 2605 637 2661 ol
658 2604 707 2663 tbe
732 2605 887 2681 proximate
906 2623 989 2663 cause
1006 2605 1042 2662 of
1054 2602 1220 2678 conception
1236 2599 1265 2656 iu
1282 2598 1331 2656 the

204 2685 309 2746 human
330 2687 438 2750 female.
482 2686 675 2767 Philadelpbia
697 2683 790 2749 1806.
811 2685 841 2748 8.
862 2693 909 2762 (V.
926 2709 1010 2764 supra
1024 2709 1088 2763 pag.
1107 2689 1167 2758 180,
1184 2688 1330 2755 Benecke.)

427 2837 516 2920 dd·
571 2838 1058 2942 sacracramenta·

158 2973 245 3036 blicis.
266 2970 411 3034 Alberti
433 2976 470 3034 de
502 2976 567 3036 latis
595 2976 739 3036 doctrinae
766 2981 1048 3056 temperamentorum
1074 2973 1194 3057 epistola
1223 2975 1262 3033 ad
1283 2973 1329 3032 Jo.

202 3058 292 3120 Andr.
315 3060 430 3120 Weudt.
460 3060 525 3120 Hal.
548 3054 639 3120 1712.
661 3058 690 3120 4.

158 3144 237 3208 J...
262 3143 348 3204 L...
374 3145 564 3205 Tuinbout
589 3164 651 3202 cum
670 3150 797 3204 veterum
817 3150 879 3204 tum
904 3145 1056 3206 recentium
1073 3145 1110 3204 de
1126 3149 1329 3223 temperamen-

201 3230 238 3288 tis
258 3229 421 3288 sententiac
464 3229 602 3304 Grouing.
623 3223 716 3290 1813.
741 3225 773 3288 4.

369 3394 449 3462 ee.
503 3377 782 3462 &uomitus
818 3375 1120 3482 computeris·

157 3517 263 3579 Thom.
285 3515 478 3575 Bartholiu
500 3517 537 3574 de
561 3517 646 3576 corde
670 3515 748 3594 apud
769 3519 886 3577 veteres.
915 3516 1002 3576 Hafa.
1020 3509 1111 3578 1648.
1129 3510 1159 3573 8.
1179 3546 1222 3558 -
1243 3512 1329 3574 Redit

129 3652 153 3659 ..
201 3605 232 3660 in
253 3600 353 3675 Ejusd.
379 3606 462 3662 oratt.
484 3619 544 3662 var.
564 3619 673 3676 argum.
705 3600 792 3663 Hafa.
815 3594 907 3663 1668.
930 3595 960 3662 8.

145 3687 223 3766 Ι(ἶῑιτ.
253 3685 359 3743 Patin
396 3684 602 3744 circulationem
634 3685 778 3762 sanguinis
808 3685 948 3744 veteribus
975 3689 1073 3744 notam
1100 3684 1194 3743 fnisse
1229 3681 1327 3745 Pater.

155 3854 285 3916 Barthol.
308 3853 469 3912 Graecus
493 3852 1055 3932 Hippocratico·Galenico-neotericum
1077 3853 1187 3914 animae
1206 3856 1328 3928 systema

200 3940 238 3997 de
263 3938 367 3996 cruoris
395 3944 525 3996 anatome
552 3944 581 3997 et
610 3939 751 4017 febribus,
782 3938 811 3996 in
840 3955 897 4012 quo
925 3939 1097 4009 ostenditur,
1123 3935 1327 3996 circulationem
1364 3974 1366 3979 -

200 4023 342 4098 sanguinis
370 4022 491 4098 antiquis
519 4041 610 4100 aeque
635 4041 670 4082 ac
693 4023 891 4083 recentioribus
917 4031 1014 4083 notam
1040 4023 1172 4082 extitisse.
1212 4018 1326 4081 Medici.

201 4102 293 4168 1707.
315 4103 345 4165 8.

154 4191 241 4254 Laur.
264 4190 413 4250 Heister
434 4209 531 4268 progr.
556 4209 613 4267 quo
638 4191 786 4266 inquiritur
814 4209 850 4249 an
876 4190 1016 4267 sanguinis
1048 4189 1164 4250 circulus
1187 4188 1327 4247 veteribus

198 4277 283 4336 luerit
307 4275 475 4353 incognitus.
518 4273 620 4336 altorf.
642 4270 732 4339 1714.
754 4270 801 4346 4.;
840 4275 996 4334 Helmstad.
1024 4270 1116 4336 1721.
1137 4269 1167 4337 4.
1200 4279 1327 4348 (Negat.)

154 4361 223 4426 Cbr.
248 4361 369 4420 Godofr.
398 4360 567 4420 Steutael
599 4355 687 4446 (resp.
718 4360 784 4423 Car.
812 4359 942 4439 Theopb.
966 4359 1182 4438 Porsehberger)
1217 4359 1254 4420 de
1279 4377 1327 4418 ve-

1282 4667 1333 4678 α...
