2766 4878
133 227 196 296 154
621 231 810 316 Physiologia.

108 444 143 468 ἣ,
174 407 223 448 snr
246 384 333 468 Apis,
361 385 477 468 serapis
505 405 544 448 oo
571 383 661 446 Osiris
685 393 715 446 et
743 405 792 448 snr
812 387 873 450 lsis.
895 388 991 450 Snirie
1012 389 1049 449 de
1068 390 1232 452 recherches
1253 409 1300 452 sur

173 474 300 550 l’origine
330 475 366 532 de
394 471 557 549 l’olchymie.
588 471 720 531 Seconde
752 473 859 533 edition
884 494 985 550 revue,
1015 477 1143 553 corrigee
1168 485 1198 536 et
1227 496 1300 552 nug·

171 561 293 622 menide.
328 557 406 616 Paris
432 553 524 618 l82l.
549 551 578 615 8-
605 567 679 637 (Non
693 571 784 623 mediol
799 572 845 624 sed
860 571 1018 644 diplomatici
1034 575 1148 627 moetoris
1161 589 1243 644 opus,
1256 571 1301 642 qni

174 637 633 764 wietegomegsseti‘oeeigerisiensi
650 640 858 777 “alfunslltffllsl
881 659 972 726 nornen
991 643 1160 779 fragretismi
1176 660 1240 696 esse
1256 643 1299 710 jo-

237 727 271 764 on
319 727 346 764 re
388 727 424 762 αι
439 727 472 760 ns
516 725 639 762 orsum
653 724 699 760 ren
780 727 824 762 ost
857 729 985 780 morose.

129 782 176 844 Jo.
199 783 232 842 C.
254 784 288 844 Δ.
311 783 501 840 Zierrnann
526 780 739 857 geschichtliche
762 781 945 860 Darslellnng
959 785 1010 842 des
1031 783 1197 844 thierisohen
1216 781 1302 858 Meg·

173 869 309 930 netismns
333 867 374 924 ols
388 865 567 937 Heilmittels,
589 867 639 926 mit
654 866 826 926 besonslerer
841 868 1114 945 Berricksiohtigung
1129 870 1180 928 dee
1193 869 1302 925 Somn-

172 953 369 1027 omonimus,
390 952 419 1010 in
443 951 519 1010 einer
539 950 629 1010 lleilre
645 951 787 1012 mulctet
804 953 1035 1030 Ersolreinnngen
1050 955 1102 1014 der
1122 953 1244 1012 Vorzeit
1259 951 1302 1010 bis

173 1039 227 1096 anf
245 1037 375 1098 lllesmer.
417 1035 510 1096 Berlin
533 1029 624 1096 1824.
647 1031 678 1096 8.

130 1119 212 1184 Alex.
237 1119 420 1182 Bertrnnd
438 1121 477 1180 dn
498 1121 683 1196 magnetisme
702 1120 805 1180 nnimnl
827 1140 863 1182 eo
883 1119 1003 1195 Fronte,
1025 1129 1055 1182 et
1076 1123 1128 1181 des
1148 1122 1303 1198 jugement

174 1215 258 1283 qn'en
285 1211 336 1264 ont
363 1205 447 1283 porte
474 1205 515 1263 les
543 1205 662 1265 societis
690 1212 835 1282 monotes,
868 1207 998 1266 areolos
1019 1209 1182 1266 textosdes
1205 1207 1301 1265 divers

172 1296 304 1371 rapports
336 1291 401 1350 faits
422 1309 457 1349 en
491 1285 574 1350 1784
601 1309 654 1368 per
678 1287 720 1348 les
745 1292 945 1350 commissoires
972 1293 1009 1351 de
1040 1290 1214 1352 l'Aoademie
1251 1291 1302 1349 des

172 1378 311 1449 solennes,
333 1376 369 1436 de
395 1373 561 1436 lnFeonlte
585 1380 616 1434 et
642 1375 680 1433 sle
705 1374 733 1432 la
753 1377 818 1434 Sos„
847 1376 958 1454 Royale
981 1378 1019 1437 de
1040 1377 1184 1436 medecine
1205 1381 1239 1434 et
1262 1375 1323 1432 dn·

171 1468 290 1542 rapport
311 1461 348 1520 de
367 1459 409 1523 M.
430 1459 555 1519 Hussom.
582 1458 659 1517 Poris
684 1454 778 1522 1826.
804 1457 835 1522 8.

128 1544 229 1611 Ludn.
258 1545 444 1606 Clroolent
471 1544 632 1620 Vorlesnng
662 1545 733 1604 tter
764 1546 820 1604 den
854 1545 1050 1606 animalisohen
1084 1544 1302 1621 Magnetismns.

171 1633 302 1694 Dresdeo
328 1625 420 1692 1840.
444 1625 509 1702 12.;
534 1630 573 1689 ib.
587 1623 739 1692 184212.
769 1643 915 1710 (utone
938 1643 1099 1714 pottsdmum
1123 1640 1244 1695 confina
1268 1639 1301 1692 ab

172 1711 356 1782 antiquissimis
374 1727 455 1780 usqne
473 1711 507 1766 ed
524 1717 614 1766 nostra
630 1711 770 1779 temporo.)

130 1787 164 1852 C.
185 1787 326 1846 Burdin
348 1785 453 1860 (jenne)
474 1791 504 1843 et
523 1783 610 1842 Fred.
630 1781 771 1842 Dubois
796 1781 964 1862 (d’Amiens)
985 1785 1099 1846 histoire
1115 1782 1302 1858 academiqus

172 1874 213 1931 du
238 1871 420 1946 mogne'tisme
445 1868 546 1926 animal
570 1870 778 1946 accompagne'e
801 1870 838 1928 de
862 1877 943 1928 notes
961 1877 991 1929 et
1009 1872 1046 1929 de
1065 1887 1227 1944 remorques
1246 1866 1300 1924 cri-

170 1958 263 2033 tiqnes
288 1973 337 2012 sur
362 1958 457 2012 tontes
486 1953 526 2010 les
556 1953 749 2012 observatione
776 1959 805 2012 et
831 1955 1009 2034 experientes
1041 1954 1121 2013 frites
1142 1951 1300 2030 jnsqn’rin
1329 1978 1334 1985 “

169 2041 244 2118 jour.
278 2038 358 2097 Paris
383 2033 476 2098 1841.
496 2033 526 2099 8.
553 2041 601 2110 (47
612 2049 641 2094 et
655 2041 704 2098 651
716 2043 812 2112 pagg.)

474 2220 535 2318 rl.
592 2219 950 2320 numeroso.

127 2395 230 2458 Frnne.
253 2391 412 2454 Hedelin
432 2394 516 2453 truite
529 2393 579 2452 des
603 2399 703 2470 satyro
716 2401 854 2454 monstres
875 2399 904 2452 et
917 2394 1046 2454 demone.
1071 2391 1148 2452 Paris
1164 2385 1257 2454 1627.
1269 2384 1299 2451 8.

129 2482 167 2546 G.
188 2479 252 2540 Alo.
272 2478 437 2555 Anthing
461 2479 499 2538 de
525 2477 657 2538 fabulose
679 2478 885 2556 Pygmaeorum
908 2486 1004 2555 gente.
1032 2478 1129 2566 lliteb.
1152 2471 1247 2540 1710.
1267 2469 1297 2537 4.

127 2729 341 2850 xlv.
356 2727 766 2852 Historia
789 2728 1297 2852 denotettoes.

438 2974 498 3048 n.
569 2951 982 3052 amoernttnn

127 3157 224 3218 James
244 3156 453 3216 lllnolsenzie
474 3157 582 3236 history
608 3159 643 3218 of
662 3159 757 3218 henlth
783 3160 840 3218 nnd
867 3159 917 3218 tlse
940 3163 986 3217 ert
1011 3159 1047 3215 of
1072 3157 1239 3235 preserving
1266 3156 1295 3214 it.

128 3283 131 3288 -
170 3242 274 3302 Edinb.
287 3237 396 3320 (17..)
412 3235 503 3305 1760.
515 3237 544 3306 8.
557 3277 598 3288 -
617 3243 724 3302 Gallice
744 3244 847 3302 second.
869 3243 935 3303 edit.
960 3243 1092 3300 alterans:
1116 3239 1142 3298 Α
1163 3241 1191 3298 ln
1214 3242 1297 3316 Hnye

172 3322 264 3386 1759.
277 3323 306 3385 8.
318 3359 362 3370 —-
373 3325 501 3384 German.
519 3325 598 3404 (oeni.
621 3327 647 3387 S
651 3333 662 3386 i
668 3329 792 3388 lcltsneil
798 3329 862 3407 ler)
895 3325 1053 3402 Altenbnrg
1072 3319 1164 3387 1762.
1176 3320 1206 3388 8,
1231 3331 1296 3396 (Vo-

171 3407 229 3461 rinn
247 3407 381 3476 opiniones
398 3415 532 3461 suetorum
550 3410 583 3462 de
601 3410 718 3476 diaeta.)

128 3481 221 3560 thh.
262 3480 345 3541 Willr.
382 3481 567 3540 aneland
599 3482 766 3541 Geschiehte
801 3481 852 3538 der
878 3478 1071 3553 Gesundheit,
1103 3479 1185 3538 nebst
1222 3479 1298 3538 einer

170 3565 339 3644 physisohen
361 3564 578 3624 Charelsteristilr
599 3569 650 3625 des
670 3567 795 3643 jetzigen
821 3565 983 3627 Zeitolters.
1031 3564 1103 3622 Eine
1127 3563 1295 3639 Vorlesung.

170 3651 264 3709 Berlin
293 3644 386 3708 1812.
411 3645 441 3709 8.
470 3649 529 3710 Et.
551 3658 647 3710 aneto:
678 3652 771 3710 Berlin
802 3645 895 3710 1813.
923 3645 952 3708 8.
976 3681 1016 3694 -·
1038 3647 1125 3708 Redit
1145 3653 1176 3708 in
1197 3647 1295 3724 Ejusd.

171 3735 263 3794 lsleine
290 3734 419 3793 medicin.
443 3735 602 3809 schemen,
630 3737 686 3799 Bd.
719 3733 748 3794 4.
770 3736 801 3793 S.
825 3730 897 3794 368.
914 3766 955 3778 -
971 3731 1081 3792 Soterico
1100 3740 1167 3794 om.
1188 3735 1235 3796 lo.
1258 3732 1295 3795 H.

171 3819 362 3881 Seldener.
390 3820 553 3878 Sloclsholm
582 3816 673 3881 1816.
696 3815 725 3879 8.
755 3833 836 3900 (Diss.
861 3833 935 3903 prins
959 3831 1070 3885 extabat
1091 3832 1118 3884 in
1134 3831 1171 3886 H.
1189 3828 1295 3884 Journal

172 3901 221 3954 ‹ler
237 3900 323 3970 prokt.
342 3899 491 3953 Heillrnnde
511 3899 593 3966 18123
610 3901 715 3954 exhibet
733 3901 908 3956 brevissimum
927 3908 1092 3972 conspertum
1110 3901 1195 3954 victus
1207 3907 1236 3954 st
1248 3900 1294 3954 hs-

171 3970 242 4024 bitus
260 3968 389 4022 hominnm
406 3970 543 4024 secondum
561 3969 676 4039 singulas
694 3971 818 4024 historiae
835 3971 978 4042 periodos.)

127 4060 231 4121 Frono.
263 4059 332 4118 Phil.
363 4059 568 4138 Oberlsnmp
598 4079 634 4119 en
666 4065 764 4118 nostro
796 4080 866 4120 nevo
896 4079 966 4139 prae
1000 4058 1166 4134 antiquitate
1197 4062 1294 4114 motura

171 4146 290 4214 hominis
311 4145 402 4203 minus
423 4145 512 4221 firmo,
533 4145 624 4203 minus
650 4143 790 4220 longaeve
813 4145 869 4204 sitt
894 4144 1077 4218 Heidelberg.
1103 4136 1197 4202 1789.
1222 4137 1254 4199 4.

127 4231 173 4291 Jo.
206 4231 271 4288 Cerl
303 4229 555 4289 Osterlsnusen
585 4231 656 4288 liber
687 4229 882 4288 medicinische
916 4227 1106 4304 Auskltrung.
1147 4222 1175 4286 1.
1202 4223 1292 4284 Bond.

171 4316 275 4376 Zflrlcll
301 4309 392 4376 1798·
414 4311 444 4376 8·
465 4327 618 4396 (Historiam
636 4326 779 4383 medicinae
795 4325 928 4399 populeris
946 4326 1062 4380 eontinet
1078 4339 1161 4394 usqne
1174 4322 1208 4377 orl
1220 4321 1292 4376 finem

173 4412 243 4456 tneo.
262 4396 359 4464 xv113
376 4396 412 4451 nil
430 4397 539 4468 amplos
557 4397 674 4470 prodiit.)
