<?xml version="1.0" encoding="UTF-8"?>
<!DOCTYPE html PUBLIC "-//W3C//DTD XHTML 1.0 Transitional//EN"
    "http://www.w3.org/TR/xhtml1/DTD/xhtml1-transitional.dtd">
<html xmlns="http://www.w3.org/1999/xhtml" xml:lang="en" lang="en">
 <head>
  <title>
</title>
<meta http-equiv="Content-Type" content="text/html;charset=utf-8" />
  <meta name='ocr-system' content='tesseract 3.04.00' />
  <meta name='ocr-capabilities' content='ocr_page ocr_carea ocr_par ocr_line ocrx_word'/>
</head>
<body>
  <div class='ocr_page' id='page_1' title='image "./bibliothecamedi01chougoog_0068.png"; bbox 0 0 2808 4872; ppageno 0'>
   <div class='ocr_carea' id='block_1_1' title="bbox 116 245 863 326">
    <p class='ocr_par' dir='ltr' id='par_1_1' title="bbox 116 245 863 326">
     <span class='ocr_line' id='line_1_1' title="bbox 116 245 863 326; baseline -0.003 -18"><span class='ocrx_word' id='word_1_1' title='bbox 116 245 159 308; x_wconf 85' lang='grc'><strong>54</strong></span> <span class='ocrx_word' id='word_1_2' title='bbox 550 246 690 309; x_wconf 76' lang='lat' dir='ltr'><strong>Alediciua</strong></span> <span class='ocrx_word' id='word_1_3' title='bbox 719 249 863 326; x_wconf 78' lang='lat' dir='ltr'><strong>autiqua&#39;</strong></span> 
     </span>
    </p>
   </div>
   <div class='ocr_carea' id='block_1_2' title="bbox 159 397 1291 564">
    <p class='ocr_par' dir='ltr' id='par_1_2' title="bbox 159 397 1291 564">
     <span class='ocr_line' id='line_1_2' title="bbox 159 397 1291 480; baseline 0 -20"><span class='ocrx_word' id='word_1_4' title='bbox 159 401 276 478; x_wconf 81' lang='lat' dir='ltr'><strong>Beitrug</strong></span> <span class='ocrx_word' id='word_1_5' title='bbox 296 420 347 460; x_wconf 79' lang='lat' dir='ltr'><strong>rur</strong></span> <span class='ocrx_word' id='word_1_6' title='bbox 367 400 528 478; x_wconf 81' lang='lat' dir='ltr'><strong>Erlrliirung</strong></span> <span class='ocrx_word' id='word_1_7' title='bbox 548 401 599 461; x_wconf 86' lang='lat' dir='ltr'><strong>des</strong></span> <span class='ocrx_word' id='word_1_8' title='bbox 619 399 716 460; x_wconf 83' lang='lat' dir='ltr'><strong>Livius</strong></span> <span class='ocrx_word' id='word_1_9' title='bbox 742 402 802 462; x_wconf 91' lang='lat' dir='ltr'><strong>und</strong></span> <span class='ocrx_word' id='word_1_10' title='bbox 825 419 876 460; x_wconf 80' lang='lat' dir='ltr'><strong>aur</strong></span> <span class='ocrx_word' id='word_1_11' title='bbox 899 399 1028 478; x_wconf 77' lang='lat' dir='ltr'><strong>ngung</strong></span> <span class='ocrx_word' id='word_1_12' title='bbox 1050 402 1101 462; x_wconf 84' lang='lat' dir='ltr'><strong>des</strong></span> <span class='ocrx_word' id='word_1_13' title='bbox 1126 397 1291 480; x_wconf 86' lang='lat' dir='ltr'><strong>Aherglau-</strong></span> 
     </span>
     <span class='ocr_line' id='line_1_3' title="bbox 161 482 781 564; baseline 0.002 -19"><span class='ocrx_word' id='word_1_14' title='bbox 161 486 236 545; x_wconf 90' lang='lat' dir='ltr'><strong>bens.</strong></span> <span class='ocrx_word' id='word_1_15' title='bbox 279 482 612 564; x_wconf 70' lang='lat' dir='ltr'><strong>Brauuschweig1802.</strong></span> <span class='ocrx_word' id='word_1_16' title='bbox 636 482 666 546; x_wconf 86' lang='grc'><strong>8.</strong></span> <span class='ocrx_word' id='word_1_17' title='bbox 771 488 781 496; x_wconf 83' lang='grc'><em>“</em></span> 
     </span>
    </p>
   </div>
   <div class='ocr_carea' id='block_1_3' title="bbox 533 635 866 691">
    <p class='ocr_par' dir='ltr' id='par_1_3' title="bbox 533 635 866 691">
     <span class='ocr_line' id='line_1_4' title="bbox 533 635 866 691; baseline 0.006 -2"><span class='ocrx_word' id='word_1_18' title='bbox 533 636 604 691; x_wconf 88' lang='grc' dir='ltr'><strong>ΜΜ.</strong></span> <span class='ocrx_word' id='word_1_19' title='bbox 643 635 866 691; x_wconf 75' lang='lat' dir='ltr'><strong>Tacitus.</strong></span> 
     </span>
    </p>
   </div>
   <div class='ocr_carea' id='block_1_4' title="bbox 120 737 1291 1055">
    <p class='ocr_par' dir='ltr' id='par_1_4' title="bbox 120 737 1291 1055">
     <span class='ocr_line' id='line_1_5' title="bbox 120 737 1291 818; baseline 0.003 -22"><span class='ocrx_word' id='word_1_20' title='bbox 120 737 151 797; x_wconf 89' lang='lat' dir='ltr'><strong>C.</strong></span> <span class='ocrx_word' id='word_1_21' title='bbox 175 739 214 798; x_wconf 86' lang='lat' dir='ltr'><strong>G.</strong></span> <span class='ocrx_word' id='word_1_22' title='bbox 239 738 336 800; x_wconf 86' lang='lat' dir='ltr'><strong>Nees</strong></span> <span class='ocrx_word' id='word_1_23' title='bbox 361 762 429 802; x_wconf 86' lang='lat' dir='ltr'><strong>von</strong></span> <span class='ocrx_word' id='word_1_24' title='bbox 450 742 642 802; x_wconf 85' lang='lat' dir='ltr'><strong>Esenbeck</strong></span> <span class='ocrx_word' id='word_1_25' title='bbox 662 738 1291 818; x_wconf 86' lang='lat' dir='ltr'><strong>undJ.Noeggerathgiethacitusei-</strong></span> 
     </span>
     <span class='ocr_line' id='line_1_6' title="bbox 160 825 1290 904; baseline 0.003 -23"><span class='ocrx_word' id='word_1_26' title='bbox 160 843 216 882; x_wconf 90' lang='lat' dir='ltr'><strong>nen</strong></span> <span class='ocrx_word' id='word_1_27' title='bbox 237 825 420 885; x_wconf 82' lang='lat' dir='ltr'><strong>historischen</strong></span> <span class='ocrx_word' id='word_1_28' title='bbox 442 828 564 886; x_wconf 86' lang='lat' dir='ltr'><strong>Beweiss</strong></span> <span class='ocrx_word' id='word_1_29' title='bbox 589 847 645 886; x_wconf 87' lang='lat' dir='ltr'><strong>von</strong></span> <span class='ocrx_word' id='word_1_30' title='bbox 669 826 865 884; x_wconf 83' lang='lat' dir='ltr'><strong>vnlkanisehen</strong></span> <span class='ocrx_word' id='word_1_31' title='bbox 893 826 1070 904; x_wconf 85' lang='lat' dir='ltr'><strong>Ernptionen</strong></span> <span class='ocrx_word' id='word_1_32' title='bbox 1090 846 1136 885; x_wconf 87' lang='lat' dir='ltr'><strong>am</strong></span> <span class='ocrx_word' id='word_1_33' title='bbox 1161 825 1290 886; x_wconf 86' lang='lat' dir='ltr'><strong>Nieder-</strong></span> 
     </span>
     <span class='ocr_line' id='line_1_7' title="bbox 160 905 1290 1055; baseline 0.002 -87"><span class='ocrx_word' id='word_1_34' title='bbox 160 905 352 1054; x_wconf 50' lang='grc' dir='ltr'><strong>ςιὲἱὶιιιιᾝὲιέ</strong></span> <span class='ocrx_word' id='word_1_35' title='bbox 369 909 560 1055; x_wconf 63' lang='grc' dir='ltr'>Νδὸςςεηῦἡ</span> <span class='ocrx_word' id='word_1_36' title='bbox 582 911 705 990; x_wconf 87' lang='lat' dir='ltr'><strong>Gebirge</strong></span> <span class='ocrx_word' id='word_1_37' title='bbox 726 913 755 970; x_wconf 92' lang='lat' dir='ltr'><strong>iu</strong></span> <span class='ocrx_word' id='word_1_38' title='bbox 774 909 1135 1020; x_wconf 78' lang='lat' dir='ltr'><strong>Rheiuland-Westphaleu</strong></span> <span class='ocrx_word' id='word_1_39' title='bbox 1160 908 1191 973; x_wconf 83' lang='lat'><strong>3.</strong></span> <span class='ocrx_word' id='word_1_40' title='bbox 1213 913 1290 992; x_wconf 87' lang='lat' dir='ltr'><strong>Bd.)</strong></span> 
     </span>
    </p>
   </div>
   <div class='ocr_carea' id='block_1_5' title="bbox 536 1107 868 1166">
    <p class='ocr_par' dir='ltr' id='par_1_5' title="bbox 536 1107 868 1166">
     <span class='ocr_line' id='line_1_8' title="bbox 536 1107 868 1166; baseline 0.006 -2"><span class='ocrx_word' id='word_1_41' title='bbox 536 1107 599 1165; x_wconf 88' lang='lat' dir='ltr'><strong>NN.</strong></span> <span class='ocrx_word' id='word_1_42' title='bbox 646 1109 868 1166; x_wconf 80' lang='lat' dir='ltr'><strong>Curtius.</strong></span> 
     </span>
    </p>
   </div>
   <div class='ocr_carea' id='block_1_6' title="bbox 75 1211 1292 1379">
    <p class='ocr_par' dir='ltr' id='par_1_6' title="bbox 75 1211 1292 1379">
     <span class='ocr_line' id='line_1_9' title="bbox 120 1211 1292 1294; baseline 0.007 -26"><span class='ocrx_word' id='word_1_43' title='bbox 120 1211 198 1270; x_wconf 89' lang='lat' dir='ltr'><strong>Frid.</strong></span> <span class='ocrx_word' id='word_1_44' title='bbox 224 1211 368 1293; x_wconf 89' lang='lat' dir='ltr'><strong>Lepner</strong></span> <span class='ocrx_word' id='word_1_45' title='bbox 396 1217 461 1274; x_wconf 91' lang='lat' dir='ltr'><strong>diss.</strong></span> <span class='ocrx_word' id='word_1_46' title='bbox 488 1216 525 1276; x_wconf 87' lang='lat' dir='ltr'><strong>de</strong></span> <span class='ocrx_word' id='word_1_47' title='bbox 550 1218 663 1277; x_wconf 85' lang='lat' dir='ltr'><strong>adfectu</strong></span> <span class='ocrx_word' id='word_1_48' title='bbox 689 1213 840 1276; x_wconf 81' lang='lat' dir='ltr'><strong>Alexandri</strong></span> <span class='ocrx_word' id='word_1_49' title='bbox 866 1215 906 1280; x_wconf 84' lang='lat' dir='ltr'><strong>M.</strong></span> <span class='ocrx_word' id='word_1_50' title='bbox 936 1216 1054 1294; x_wconf 88' lang='lat' dir='ltr'><strong>ejusque</strong></span> <span class='ocrx_word' id='word_1_51' title='bbox 1079 1217 1224 1278; x_wconf 79' lang='lat' dir='ltr'><strong>curatione</strong></span> <span class='ocrx_word' id='word_1_52' title='bbox 1250 1235 1292 1276; x_wconf 84' lang='lat' dir='ltr'><strong>ex</strong></span> 
     </span>
     <span class='ocr_line' id='line_1_10' title="bbox 75 1293 847 1379; baseline 0.012 -25"><span class='ocrx_word' id='word_1_53' title='bbox 75 1343 76 1346; x_wconf 18' lang='lat'>¹</span> <span class='ocrx_word' id='word_1_54' title='bbox 164 1296 252 1357; x_wconf 88' lang='lat' dir='ltr'><strong>Curtii</strong></span> <span class='ocrx_word' id='word_1_55' title='bbox 276 1299 295 1358; x_wconf 92' lang='lat' dir='ltr'><strong>l.</strong></span> <span class='ocrx_word' id='word_1_56' title='bbox 317 1299 366 1359; x_wconf 87' lang='lat'><strong>111.</strong></span> <span class='ocrx_word' id='word_1_57' title='bbox 388 1296 419 1378; x_wconf 83' lang='lat'><strong>5,</strong></span> <span class='ocrx_word' id='word_1_58' title='bbox 440 1297 470 1360; x_wconf 91' lang='grc'><strong>6.</strong></span> <span class='ocrx_word' id='word_1_59' title='bbox 512 1301 676 1379; x_wconf 84' lang='lat' dir='ltr'><strong>Regimonti</strong></span> <span class='ocrx_word' id='word_1_60' title='bbox 701 1293 792 1364; x_wconf 87' lang='grc'><strong>1670.</strong></span> <span class='ocrx_word' id='word_1_61' title='bbox 817 1298 847 1364; x_wconf 86' lang='grc'><strong>4.</strong></span> 
     </span>
    </p>
   </div>
   <div class='ocr_carea' id='block_1_7' title="bbox 500 1448 905 1508">
    <p class='ocr_par' dir='ltr' id='par_1_7' title="bbox 500 1448 905 1508">
     <span class='ocr_line' id='line_1_11' title="bbox 500 1448 905 1508; baseline 0 -5"><span class='ocrx_word' id='word_1_62' title='bbox 500 1448 565 1504; x_wconf 88' lang='grc'><strong>00.</strong></span> <span class='ocrx_word' id='word_1_63' title='bbox 617 1451 905 1508; x_wconf 78' lang='lat' dir='ltr'><strong>Suetonius.</strong></span> 
     </span>
    </p>
   </div>
   <div class='ocr_carea' id='block_1_8' title="bbox 121 1551 1294 1970">
    <p class='ocr_par' dir='ltr' id='par_1_8' title="bbox 121 1551 1293 1720">
     <span class='ocr_line' id='line_1_12' title="bbox 121 1551 1293 1636; baseline 0.007 -27"><span class='ocrx_word' id='word_1_64' title='bbox 121 1552 167 1616; x_wconf 85' lang='lat' dir='ltr'><strong>Jo.</strong></span> <span class='ocrx_word' id='word_1_65' title='bbox 192 1551 292 1612; x_wconf 84' lang='lat' dir='ltr'><strong>Daniel</strong></span> <span class='ocrx_word' id='word_1_66' title='bbox 317 1556 438 1634; x_wconf 88' lang='lat' dir='ltr'><strong>Geyer</strong></span> <span class='ocrx_word' id='word_1_67' title='bbox 463 1555 573 1636; x_wconf 85' lang='lat' dir='ltr'><strong>(Geier)</strong></span> <span class='ocrx_word' id='word_1_68' title='bbox 597 1557 744 1616; x_wconf 87' lang='lat' dir='ltr'><strong>meletema</strong></span> <span class='ocrx_word' id='word_1_69' title='bbox 769 1557 796 1614; x_wconf 94' lang='lat' dir='ltr'><strong>in</strong></span> <span class='ocrx_word' id='word_1_70' title='bbox 821 1557 950 1616; x_wconf 90' lang='lat' dir='ltr'><strong>Suetonii</strong></span> <span class='ocrx_word' id='word_1_71' title='bbox 974 1554 1097 1634; x_wconf 84' lang='lat' dir='ltr'><strong>Augusti</strong></span> <span class='ocrx_word' id='word_1_72' title='bbox 1122 1575 1147 1614; x_wconf 89' lang='lat' dir='ltr'><strong>c.</strong></span> <span class='ocrx_word' id='word_1_73' title='bbox 1168 1553 1293 1619; x_wconf 84' lang='lat' dir='ltr'><strong>LXXX.</strong></span> 
     </span>
     <span class='ocr_line' id='line_1_13' title="bbox 165 1635 757 1720; baseline 0.012 -27"><span class='ocrx_word' id='word_1_74' title='bbox 165 1638 202 1696; x_wconf 87' lang='lat' dir='ltr'><strong>de</strong></span> <span class='ocrx_word' id='word_1_75' title='bbox 226 1639 466 1705; x_wconf 80' lang='lat' dir='ltr'><strong>harundinatione.</strong></span> <span class='ocrx_word' id='word_1_76' title='bbox 509 1639 588 1720; x_wconf 90' lang='lat' dir='ltr'><strong>Lips.</strong></span> <span class='ocrx_word' id='word_1_77' title='bbox 612 1637 705 1702; x_wconf 87' lang='lat'><strong>1689.</strong></span> <span class='ocrx_word' id='word_1_78' title='bbox 727 1635 757 1700; x_wconf 88' lang='grc'><strong>4.</strong></span> 
     </span>
    </p>

    <p class='ocr_par' dir='ltr' id='par_1_9' title="bbox 123 1719 1294 1970">
     <span class='ocr_line' id='line_1_14' title="bbox 123 1719 1294 1806; baseline 0.001 -26"><span class='ocrx_word' id='word_1_79' title='bbox 123 1719 196 1780; x_wconf 88' lang='lat' dir='ltr'><strong>Dan.</strong></span> <span class='ocrx_word' id='word_1_80' title='bbox 221 1723 303 1782; x_wconf 88' lang='lat' dir='ltr'><strong>Wilh.</strong></span> <span class='ocrx_word' id='word_1_81' title='bbox 326 1727 463 1784; x_wconf 92' lang='lat' dir='ltr'><strong>Triller</strong></span> <span class='ocrx_word' id='word_1_82' title='bbox 487 1727 646 1784; x_wconf 84' lang='lat' dir='ltr'><strong>exercitatio</strong></span> <span class='ocrx_word' id='word_1_83' title='bbox 672 1725 942 1806; x_wconf 87' lang='lat' dir='ltr'><strong>medico-philolog.</strong></span> <span class='ocrx_word' id='word_1_84' title='bbox 970 1726 1006 1784; x_wconf 90' lang='lat' dir='ltr'><strong>de</strong></span> <span class='ocrx_word' id='word_1_85' title='bbox 1030 1731 1153 1784; x_wconf 84' lang='lat' dir='ltr'><strong>veterum</strong></span> <span class='ocrx_word' id='word_1_86' title='bbox 1182 1723 1294 1782; x_wconf 90' lang='lat' dir='ltr'><strong>chirur-</strong></span> 
     </span>
     <span class='ocr_line' id='line_1_15' title="bbox 166 1809 1293 1886; baseline 0.004 -23"><span class='ocrx_word' id='word_1_87' title='bbox 166 1825 266 1882; x_wconf 88' lang='lat' dir='ltr'><strong>gorum</strong></span> <span class='ocrx_word' id='word_1_88' title='bbox 288 1812 468 1869; x_wconf 84' lang='lat' dir='ltr'><strong>arundinibus</strong></span> <span class='ocrx_word' id='word_1_89' title='bbox 489 1816 575 1886; x_wconf 90' lang='lat' dir='ltr'><strong>atque</strong></span> <span class='ocrx_word' id='word_1_90' title='bbox 601 1811 716 1870; x_wconf 87' lang='lat' dir='ltr'><strong>habenis</strong></span> <span class='ocrx_word' id='word_1_91' title='bbox 745 1811 782 1868; x_wconf 90' lang='lat' dir='ltr'><strong>ad</strong></span> <span class='ocrx_word' id='word_1_92' title='bbox 804 1818 882 1869; x_wconf 88' lang='lat' dir='ltr'><strong>artus</strong></span> <span class='ocrx_word' id='word_1_93' title='bbox 906 1810 979 1870; x_wconf 89' lang='lat' dir='ltr'><strong>male</strong></span> <span class='ocrx_word' id='word_1_94' title='bbox 1003 1809 1099 1868; x_wconf 85' lang='lat' dir='ltr'><strong>firmos</strong></span> <span class='ocrx_word' id='word_1_95' title='bbox 1119 1809 1293 1868; x_wconf 86' lang='lat' dir='ltr'><strong>confirman-</strong></span> 
     </span>
     <span class='ocr_line' id='line_1_16' title="bbox 167 1893 1294 1970; baseline 0.004 -22"><span class='ocrx_word' id='word_1_96' title='bbox 167 1893 220 1948; x_wconf 89' lang='lat' dir='ltr'><strong>dos</strong></span> <span class='ocrx_word' id='word_1_97' title='bbox 241 1895 380 1967; x_wconf 89' lang='lat' dir='ltr'><strong>adhibitis,</strong></span> <span class='ocrx_word' id='word_1_98' title='bbox 406 1896 544 1954; x_wconf 88' lang='lat' dir='ltr'><strong>occasioni</strong></span> <span class='ocrx_word' id='word_1_99' title='bbox 568 1896 622 1954; x_wconf 88' lang='lat' dir='ltr'><strong>loci</strong></span> <span class='ocrx_word' id='word_1_100' title='bbox 644 1896 788 1970; x_wconf 86' lang='lat' dir='ltr'><strong>cujusdam</strong></span> <span class='ocrx_word' id='word_1_101' title='bbox 811 1895 976 1954; x_wconf 90' lang='lat' dir='ltr'><strong>Suetouiani</strong></span> <span class='ocrx_word' id='word_1_102' title='bbox 996 1895 1193 1958; x_wconf 80' lang='lat' dir='ltr'><strong>obscurissimi,</strong></span> <span class='ocrx_word' id='word_1_103' title='bbox 1237 1894 1294 1952; x_wconf 88' lang='lat' dir='ltr'><strong>Vi-</strong></span> 
     </span>
    </p>
   </div>
   <div class='ocr_carea' id='block_1_9' title="bbox 166 1973 1292 2058">
    <p class='ocr_par' dir='ltr' id='par_1_10' title="bbox 166 1973 1292 2058">
     <span class='ocr_line' id='line_1_17' title="bbox 166 1973 1292 2058; baseline 0.004 -25"><span class='ocrx_word' id='word_1_104' title='bbox 166 1977 225 2034; x_wconf 88' lang='lat' dir='ltr'><strong>teb.</strong></span> <span class='ocrx_word' id='word_1_105' title='bbox 251 1973 343 2038; x_wconf 87' lang='grc'><strong>1749.</strong></span> <span class='ocrx_word' id='word_1_106' title='bbox 368 1976 398 2042; x_wconf 92' lang='grc'><strong>4.</strong></span> <span class='ocrx_word' id='word_1_107' title='bbox 419 2012 467 2024; x_wconf 91' lang='grc'><strong>-</strong></span> <span class='ocrx_word' id='word_1_108' title='bbox 490 1979 577 2038; x_wconf 82' lang='lat' dir='ltr'><strong>Redit</strong></span> <span class='ocrx_word' id='word_1_109' title='bbox 591 1983 620 2038; x_wconf 82' lang='lat' dir='ltr'><strong>sir</strong></span> <span class='ocrx_word' id='word_1_110' title='bbox 635 1981 685 2040; x_wconf 90' lang='lat' dir='ltr'><strong>Tr.</strong></span> <span class='ocrx_word' id='word_1_111' title='bbox 701 1981 825 2058; x_wconf 90' lang='lat' dir='ltr'><strong>Opnscc.</strong></span> <span class='ocrx_word' id='word_1_112' title='bbox 846 1980 905 2038; x_wconf 83' lang='lat' dir='ltr'><strong>Vol.</strong></span> <span class='ocrx_word' id='word_1_113' title='bbox 918 1981 940 2038; x_wconf 92' lang='lat' dir='ltr'><strong>l.</strong></span> <span class='ocrx_word' id='word_1_114' title='bbox 960 1975 1052 2040; x_wconf 83' lang='grc'><strong>1766.</strong></span> <span class='ocrx_word' id='word_1_115' title='bbox 1068 2001 1096 2058; x_wconf 87' lang='lat' dir='ltr'><strong>p.</strong></span> <span class='ocrx_word' id='word_1_116' title='bbox 1108 1974 1292 2039; x_wconf 71' lang='lat' dir='ltr'><strong>illl-3²28.</strong></span> 
     </span>
    </p>
   </div>
   <div class='ocr_carea' id='block_1_10' title="bbox 122 2057 1294 2334">
    <p class='ocr_par' dir='ltr' id='par_1_11' title="bbox 122 2057 1294 2129">
     <span class='ocr_line' id='line_1_18' title="bbox 122 2057 1294 2129; baseline 0.006 -22"><span class='ocrx_word' id='word_1_117' title='bbox 122 2124 127 2129; x_wconf 93' lang='lat'><strong>.</strong></span> <span class='ocrx_word' id='word_1_118' title='bbox 170 2057 290 2120; x_wconf 82' lang='lat' dir='ltr'><strong>(Sueten.</strong></span> <span class='ocrx_word' id='word_1_119' title='bbox 309 2060 408 2114; x_wconf 79' lang='lat' dir='ltr'><strong>Octav.</strong></span> <span class='ocrx_word' id='word_1_120' title='bbox 429 2059 480 2113; x_wconf 81' lang='lat'><strong>80:</strong></span> <span class='ocrx_word' id='word_1_121' title='bbox 512 2061 674 2126; x_wconf 81' lang='lat' dir='ltr'><strong>„coxendice</strong></span> <span class='ocrx_word' id='word_1_122' title='bbox 692 2068 719 2114; x_wconf 90' lang='lat' dir='ltr'><strong>et</strong></span> <span class='ocrx_word' id='word_1_123' title='bbox 736 2063 833 2114; x_wconf 83' lang='lat' dir='ltr'><strong>temore</strong></span> <span class='ocrx_word' id='word_1_124' title='bbox 852 2068 879 2114; x_wconf 89' lang='lat' dir='ltr'><strong>et</strong></span> <span class='ocrx_word' id='word_1_125' title='bbox 894 2078 970 2114; x_wconf 87' lang='lat' dir='ltr'><strong>crure</strong></span> <span class='ocrx_word' id='word_1_126' title='bbox 988 2061 1093 2114; x_wconf 86' lang='lat' dir='ltr'><strong>sinistro</strong></span> <span class='ocrx_word' id='word_1_127' title='bbox 1111 2078 1163 2113; x_wconf 91' lang='lat' dir='ltr'><strong>non</strong></span> <span class='ocrx_word' id='word_1_128' title='bbox 1181 2059 1294 2128; x_wconf 76' lang='lat' dir='ltr'><strong>perinde</strong></span> 
     </span>
    </p>

    <p class='ocr_par' dir='ltr' id='par_1_12' title="bbox 168 2125 1293 2198">
     <span class='ocr_line' id='line_1_19' title="bbox 168 2125 1293 2198; baseline 0.004 -22"><span class='ocrx_word' id='word_1_129' title='bbox 168 2125 281 2192; x_wconf 86' lang='lat' dir='ltr'><strong>valebat,</strong></span> <span class='ocrx_word' id='word_1_130' title='bbox 299 2137 329 2180; x_wconf 92' lang='lat' dir='ltr'><strong>ut</strong></span> <span class='ocrx_word' id='word_1_131' title='bbox 345 2147 424 2198; x_wconf 85' lang='lat' dir='ltr'><strong>saepe</strong></span> <span class='ocrx_word' id='word_1_132' title='bbox 441 2129 519 2182; x_wconf 88' lang='lat' dir='ltr'><strong>etiam</strong></span> <span class='ocrx_word' id='word_1_133' title='bbox 536 2131 596 2182; x_wconf 87' lang='lat' dir='ltr'><strong>inde</strong></span> <span class='ocrx_word' id='word_1_134' title='bbox 614 2131 781 2197; x_wconf 87' lang='lat' dir='ltr'><strong>claudicaret,</strong></span> <span class='ocrx_word' id='word_1_135' title='bbox 800 2129 847 2182; x_wconf 85' lang='lat' dir='ltr'><strong>sed</strong></span> <span class='ocrx_word' id='word_1_136' title='bbox 865 2129 977 2182; x_wconf 88' lang='lat' dir='ltr'><strong>remedio</strong></span> <span class='ocrx_word' id='word_1_137' title='bbox 995 2129 1147 2182; x_wconf 87' lang='lat' dir='ltr'><strong>harenarum</strong></span> <span class='ocrx_word' id='word_1_138' title='bbox 1166 2137 1193 2180; x_wconf 93' lang='lat' dir='ltr'><strong>et</strong></span> <span class='ocrx_word' id='word_1_139' title='bbox 1208 2145 1293 2181; x_wconf 89' lang='lat' dir='ltr'><strong>arun-</strong></span> 
     </span>
    </p>

    <p class='ocr_par' dir='ltr' id='par_1_13' title="bbox 123 2194 1293 2334">
     <span class='ocr_line' id='line_1_20' title="bbox 123 2194 1293 2268; baseline 0.005 -23"><span class='ocrx_word' id='word_1_140' title='bbox 123 2207 126 2214; x_wconf 85' lang='grc'><em>·</em></span> <span class='ocrx_word' id='word_1_141' title='bbox 169 2194 255 2247; x_wconf 89' lang='lat' dir='ltr'><strong>diuum</strong></span> <span class='ocrx_word' id='word_1_142' title='bbox 274 2198 502 2262; x_wconf 60' lang='lat' dir='ltr'><strong>confirmatarum,</strong></span> <span class='ocrx_word' id='word_1_143' title='bbox 521 2199 565 2251; x_wconf 91' lang='lat' dir='ltr'><strong>ubi</strong></span> <span class='ocrx_word' id='word_1_144' title='bbox 582 2199 630 2252; x_wconf 89' lang='lat' dir='ltr'><strong>Tr.</strong></span> <span class='ocrx_word' id='word_1_145' title='bbox 648 2199 713 2268; x_wconf 83' lang='lat' dir='ltr'><strong>legit</strong></span> <span class='ocrx_word' id='word_1_146' title='bbox 731 2215 812 2264; x_wconf 82' lang='lat' dir='ltr'><strong>„rem</strong></span> <span class='ocrx_word' id='word_1_147' title='bbox 830 2199 1017 2266; x_wconf 84' lang='lat' dir='ltr'><strong>habenarum“,</strong></span> <span class='ocrx_word' id='word_1_148' title='bbox 1035 2205 1063 2252; x_wconf 88' lang='lat' dir='ltr'><strong>et</strong></span> <span class='ocrx_word' id='word_1_149' title='bbox 1080 2197 1220 2251; x_wconf 84' lang='lat' dir='ltr'><strong>arundines</strong></span> <span class='ocrx_word' id='word_1_150' title='bbox 1239 2215 1293 2268; x_wconf 89' lang='lat' dir='ltr'><strong>pro</strong></span> 
     </span>
     <span class='ocr_line' id='line_1_21' title="bbox 134 2263 567 2334; baseline 0.014 -21"><span class='ocrx_word' id='word_1_151' title='bbox 134 2273 135 2276; x_wconf 77' lang='grc'>’</span> <span class='ocrx_word' id='word_1_152' title='bbox 167 2263 259 2316; x_wconf 85' lang='lat' dir='ltr'><strong>ferulis</strong></span> <span class='ocrx_word' id='word_1_153' title='bbox 275 2267 451 2334; x_wconf 84' lang='lat' dir='ltr'><strong>chirurgorum</strong></span> <span class='ocrx_word' id='word_1_154' title='bbox 469 2267 567 2332; x_wconf 91' lang='lat' dir='ltr'><strong>habet.)</strong></span> 
     </span>
    </p>
   </div>
   <div class='ocr_carea' id='block_1_11' title="bbox 125 2333 1295 2417">
    <p class='ocr_par' dir='ltr' id='par_1_14' title="bbox 125 2333 1295 2417">
     <span class='ocr_line' id='line_1_22' title="bbox 125 2333 1295 2417; baseline 0.005 -27"><span class='ocrx_word' id='word_1_155' title='bbox 125 2333 245 2395; x_wconf 86' lang='lat' dir='ltr'><strong>Gottloh</strong></span> <span class='ocrx_word' id='word_1_156' title='bbox 268 2339 333 2396; x_wconf 90' lang='lat' dir='ltr'><strong>Carl</strong></span> <span class='ocrx_word' id='word_1_157' title='bbox 357 2341 594 2417; x_wconf 82' lang='lat' dir='ltr'><strong>Springsfeld</strong></span> <span class='ocrx_word' id='word_1_158' title='bbox 623 2340 741 2417; x_wconf 88' lang='lat' dir='ltr'><strong>epistola</strong></span> <span class='ocrx_word' id='word_1_159' title='bbox 763 2340 858 2408; x_wconf 87' lang='lat' dir='ltr'><strong>critica</strong></span> <span class='ocrx_word' id='word_1_160' title='bbox 878 2341 926 2398; x_wconf 89' lang='lat' dir='ltr'><strong>ad.</strong></span> <span class='ocrx_word' id='word_1_161' title='bbox 948 2339 1021 2399; x_wconf 85' lang='lat' dir='ltr'><strong>Dan.</strong></span> <span class='ocrx_word' id='word_1_162' title='bbox 1048 2339 1122 2397; x_wconf 87' lang='lat' dir='ltr'><strong>Guil.</strong></span> <span class='ocrx_word' id='word_1_163' title='bbox 1139 2337 1295 2396; x_wconf 87' lang='lat' dir='ltr'><strong>Trillerum</strong></span> 
     </span>
    </p>
   </div>
   <div class='ocr_carea' id='block_1_12' title="bbox 167 2420 1295 2503">
    <p class='ocr_par' dir='ltr' id='par_1_15' title="bbox 167 2420 1295 2503">
     <span class='ocr_line' id='line_1_23' title="bbox 167 2420 1295 2503; baseline 0.004 -26"><span class='ocrx_word' id='word_1_164' title='bbox 167 2438 251 2498; x_wconf 89' lang='lat' dir='ltr'><strong>super</strong></span> <span class='ocrx_word' id='word_1_165' title='bbox 272 2423 335 2481; x_wconf 86' lang='lat' dir='ltr'><strong>loco</strong></span> <span class='ocrx_word' id='word_1_166' title='bbox 358 2427 482 2500; x_wconf 89' lang='lat' dir='ltr'><strong>quodam</strong></span> <span class='ocrx_word' id='word_1_167' title='bbox 505 2425 632 2482; x_wconf 92' lang='lat' dir='ltr'><strong>Suetonii</strong></span> <span class='ocrx_word' id='word_1_168' title='bbox 657 2426 692 2482; x_wconf 88' lang='lat' dir='ltr'><strong>ab</strong></span> <span class='ocrx_word' id='word_1_169' title='bbox 714 2444 748 2482; x_wconf 93' lang='lat' dir='ltr'><strong>eo</strong></span> <span class='ocrx_word' id='word_1_170' title='bbox 774 2430 892 2487; x_wconf 86' lang='lat' dir='ltr'><strong>tentato.</strong></span> <span class='ocrx_word' id='word_1_171' title='bbox 914 2424 992 2503; x_wconf 90' lang='lat' dir='ltr'><strong>Lips.</strong></span> <span class='ocrx_word' id='word_1_172' title='bbox 1016 2420 1157 2487; x_wconf 81' lang='grc'><strong>175114.</strong></span> <span class='ocrx_word' id='word_1_173' title='bbox 1191 2428 1295 2495; x_wconf 84' lang='lat' dir='ltr'><strong>(Hare—</strong></span> 
     </span>
    </p>
   </div>
   <div class='ocr_carea' id='block_1_13' title="bbox 167 2503 1296 2780">
    <p class='ocr_par' dir='ltr' id='par_1_16' title="bbox 167 2503 1296 2780">
     <span class='ocr_line' id='line_1_24' title="bbox 167 2503 1295 2569; baseline 0.005 -17"><span class='ocrx_word' id='word_1_174' title='bbox 167 2517 215 2554; x_wconf 86' lang='lat' dir='ltr'><strong>nas</strong></span> <span class='ocrx_word' id='word_1_175' title='bbox 234 2520 292 2557; x_wconf 87' lang='lat' dir='ltr'><strong>esse</strong></span> <span class='ocrx_word' id='word_1_176' title='bbox 309 2503 430 2558; x_wconf 91' lang='lat' dir='ltr'><strong>balneum</strong></span> <span class='ocrx_word' id='word_1_177' title='bbox 448 2506 609 2569; x_wconf 82' lang='lat' dir='ltr'><strong>arenarium,</strong></span> <span class='ocrx_word' id='word_1_178' title='bbox 628 2505 766 2558; x_wconf 87' lang='lat' dir='ltr'><strong>arundines</strong></span> <span class='ocrx_word' id='word_1_179' title='bbox 783 2523 846 2560; x_wconf 87' lang='lat' dir='ltr'><strong>vero</strong></span> <span class='ocrx_word' id='word_1_180' title='bbox 864 2505 968 2559; x_wconf 83' lang='lat' dir='ltr'><strong>radices</strong></span> <span class='ocrx_word' id='word_1_181' title='bbox 986 2523 1043 2558; x_wconf 86' lang='lat' dir='ltr'><strong>esse</strong></span> <span class='ocrx_word' id='word_1_182' title='bbox 1061 2504 1193 2558; x_wconf 82' lang='lat' dir='ltr'><strong>arundinis</strong></span> <span class='ocrx_word' id='word_1_183' title='bbox 1211 2509 1295 2558; x_wconf 89' lang='lat' dir='ltr'><strong>aceto</strong></span> 
     </span>
     <span class='ocr_line' id='line_1_25' title="bbox 169 2571 1295 2640; baseline 0.004 -19"><span class='ocrx_word' id='word_1_184' title='bbox 169 2571 289 2626; x_wconf 85' lang='lat' dir='ltr'><strong>conditae</strong></span> <span class='ocrx_word' id='word_1_185' title='bbox 305 2575 411 2628; x_wconf 85' lang='lat' dir='ltr'><strong>secund.</strong></span> <span class='ocrx_word' id='word_1_186' title='bbox 429 2574 492 2630; x_wconf 91' lang='lat' dir='ltr'><strong>Pliu.</strong></span> <span class='ocrx_word' id='word_1_187' title='bbox 503 2574 602 2628; x_wconf 94' lang='lat' dir='ltr'><strong>XXlV.</strong></span> <span class='ocrx_word' id='word_1_188' title='bbox 621 2575 677 2640; x_wconf 85' lang='lat'><strong>11.;</strong></span> <span class='ocrx_word' id='word_1_189' title='bbox 712 2574 749 2630; x_wconf 90' lang='lat' dir='ltr'><strong>M.</strong></span> <span class='ocrx_word' id='word_1_190' title='bbox 769 2576 804 2628; x_wconf 85' lang='lat' dir='ltr'><strong>G.</strong></span> <span class='ocrx_word' id='word_1_191' title='bbox 822 2574 855 2629; x_wconf 87' lang='lat' dir='ltr'><strong>L.</strong></span> <span class='ocrx_word' id='word_1_192' title='bbox 873 2574 1013 2627; x_wconf 80' lang='lat' dir='ltr'><strong>Mirnter</strong></span> <span class='ocrx_word' id='word_1_193' title='bbox 1036 2574 1063 2626; x_wconf 93' lang='lat' dir='ltr'><strong>in</strong></span> <span class='ocrx_word' id='word_1_194' title='bbox 1081 2573 1163 2626; x_wconf 87' lang='lat' dir='ltr'><strong>diario</strong></span> <span class='ocrx_word' id='word_1_195' title='bbox 1181 2573 1295 2626; x_wconf 84' lang='lat' dir='ltr'><strong>Hanno-</strong></span> 
     </span>
     <span class='ocr_line' id='line_1_26' title="bbox 169 2641 1296 2712; baseline 0.011 -24"><span class='ocrx_word' id='word_1_196' title='bbox 169 2655 265 2694; x_wconf 81' lang='lat' dir='ltr'><strong>verano</strong></span> <span class='ocrx_word' id='word_1_197' title='bbox 284 2641 344 2696; x_wconf 89' lang='lat' dir='ltr'><strong>anni</strong></span> <span class='ocrx_word' id='word_1_198' title='bbox 366 2643 430 2698; x_wconf 79' lang='lat'>1750</span> <span class='ocrx_word' id='word_1_199' title='bbox 448 2643 556 2695; x_wconf 91' lang='lat' dir='ltr'><strong>Trilleri</strong></span> <span class='ocrx_word' id='word_1_200' title='bbox 574 2643 717 2712; x_wconf 88' lang='lat' dir='ltr'><strong>opinionem</strong></span> <span class='ocrx_word' id='word_1_201' title='bbox 736 2643 822 2712; x_wconf 87' lang='lat' dir='ltr'><strong>rejicit</strong></span> <span class='ocrx_word' id='word_1_202' title='bbox 839 2650 867 2696; x_wconf 91' lang='lat' dir='ltr'><strong>et</strong></span> <span class='ocrx_word' id='word_1_203' title='bbox 885 2643 949 2710; x_wconf 83' lang='lat' dir='ltr'><strong>legit</strong></span> <span class='ocrx_word' id='word_1_204' title='bbox 968 2643 1296 2708; x_wconf 87' lang='lat' dir='ltr'><strong>‚‚aerinarum“see.Plin.</strong></span> 
     </span>
     <span class='ocr_line' id='line_1_27' title="bbox 168 2705 1011 2780; baseline 0.006 -21"><span class='ocrx_word' id='word_1_205' title='bbox 168 2705 332 2778; x_wconf 75' lang='lat' dir='ltr'><strong>xx11.25.;</strong></span> <span class='ocrx_word' id='word_1_206' title='bbox 351 2713 467 2766; x_wconf 91' lang='lat' dir='ltr'><strong>Boerner</strong></span> <span class='ocrx_word' id='word_1_207' title='bbox 484 2713 679 2778; x_wconf 81' lang='lat' dir='ltr'><strong>‚‚havenarum“</strong></span> <span class='ocrx_word' id='word_1_208' title='bbox 697 2713 751 2780; x_wconf 88' lang='lat' dir='ltr'><strong>legi</strong></span> <span class='ocrx_word' id='word_1_209' title='bbox 768 2713 863 2766; x_wconf 86' lang='lat' dir='ltr'><strong>dehere</strong></span> <span class='ocrx_word' id='word_1_210' title='bbox 881 2713 1011 2780; x_wconf 85' lang='lat' dir='ltr'><strong>conjicit.)</strong></span> 
     </span>
    </p>
   </div>
   <div class='ocr_carea' id='block_1_14' title="bbox 125 2778 1381 3117">
    <p class='ocr_par' dir='ltr' id='par_1_17' title="bbox 125 2778 1381 3117">
     <span class='ocr_line' id='line_1_28' title="bbox 125 2778 1374 2862; baseline 0.006 -26"><span class='ocrx_word' id='word_1_211' title='bbox 125 2778 200 2844; x_wconf 89' lang='lat' dir='ltr'><strong>Dan.</strong></span> <span class='ocrx_word' id='word_1_212' title='bbox 223 2783 306 2842; x_wconf 89' lang='lat' dir='ltr'><strong>Wilh.</strong></span> <span class='ocrx_word' id='word_1_213' title='bbox 329 2786 464 2844; x_wconf 90' lang='lat' dir='ltr'><strong>Triller</strong></span> <span class='ocrx_word' id='word_1_214' title='bbox 489 2786 647 2844; x_wconf 86' lang='lat' dir='ltr'><strong>exercitatio</strong></span> <span class='ocrx_word' id='word_1_215' title='bbox 671 2784 760 2843; x_wconf 90' lang='lat' dir='ltr'><strong>altera</strong></span> <span class='ocrx_word' id='word_1_216' title='bbox 791 2784 899 2862; x_wconf 88' lang='lat' dir='ltr'><strong>plenior</strong></span> <span class='ocrx_word' id='word_1_217' title='bbox 933 2787 972 2844; x_wconf 88' lang='lat' dir='ltr'><strong>ad</strong></span> <span class='ocrx_word' id='word_1_218' title='bbox 1000 2785 1140 2860; x_wconf 89' lang='lat' dir='ltr'><strong>quendam</strong></span> <span class='ocrx_word' id='word_1_219' title='bbox 1162 2784 1295 2842; x_wconf 88' lang='lat' dir='ltr'><strong>Suetonii</strong></span> <span class='ocrx_word' id='word_1_220' title='bbox 1371 2816 1374 2821; x_wconf 93' lang='lat'>·</span> 
     </span>
     <span class='ocr_line' id='line_1_29' title="bbox 169 2862 1381 2946; baseline 0.005 -25"><span class='ocrx_word' id='word_1_221' title='bbox 169 2862 260 2924; x_wconf 85' lang='lat' dir='ltr'><strong>locum</strong></span> <span class='ocrx_word' id='word_1_222' title='bbox 284 2869 312 2926; x_wconf 96' lang='lat' dir='ltr'><strong>in</strong></span> <span class='ocrx_word' id='word_1_223' title='bbox 336 2871 394 2927; x_wconf 87' lang='lat' dir='ltr'><strong>vita</strong></span> <span class='ocrx_word' id='word_1_224' title='bbox 414 2868 536 2946; x_wconf 83' lang='lat' dir='ltr'><strong>Augusti</strong></span> <span class='ocrx_word' id='word_1_225' title='bbox 558 2871 595 2927; x_wconf 87' lang='lat' dir='ltr'><strong>de</strong></span> <span class='ocrx_word' id='word_1_226' title='bbox 618 2871 743 2928; x_wconf 89' lang='lat' dir='ltr'><strong>remedio</strong></span> <span class='ocrx_word' id='word_1_227' title='bbox 768 2867 939 2927; x_wconf 86' lang='lat' dir='ltr'><strong>habenarum</strong></span> <span class='ocrx_word' id='word_1_228' title='bbox 960 2877 1044 2946; x_wconf 89' lang='lat' dir='ltr'><strong>atque</strong></span> <span class='ocrx_word' id='word_1_229' title='bbox 1063 2869 1241 2945; x_wconf 88' lang='lat' dir='ltr'><strong>arundinum,</strong></span> <span class='ocrx_word' id='word_1_230' title='bbox 1264 2869 1295 2927; x_wconf 92' lang='lat' dir='ltr'><strong>in</strong></span> <span class='ocrx_word' id='word_1_231' title='bbox 1380 2873 1381 2876; x_wconf 72' lang='grc'>’</span> 
     </span>
     <span class='ocr_line' id='line_1_30' title="bbox 170 2953 1296 3030; baseline 0.004 -23"><span class='ocrx_word' id='word_1_232' title='bbox 170 2966 227 3024; x_wconf 86' lang='lat' dir='ltr'><strong>qua</strong></span> <span class='ocrx_word' id='word_1_233' title='bbox 248 2953 398 3030; x_wconf 83' lang='lat' dir='ltr'><strong>probabilis</strong></span> <span class='ocrx_word' id='word_1_234' title='bbox 423 2956 477 3012; x_wconf 87' lang='lat' dir='ltr'><strong>ista</strong></span> <span class='ocrx_word' id='word_1_235' title='bbox 506 2955 664 3014; x_wconf 89' lang='lat' dir='ltr'><strong>emendatio</strong></span> <span class='ocrx_word' id='word_1_236' title='bbox 690 2955 770 3014; x_wconf 84' lang='lat' dir='ltr'><strong>novis</strong></span> <span class='ocrx_word' id='word_1_237' title='bbox 796 2956 967 3029; x_wconf 85' lang='lat' dir='ltr'><strong>argumentis</strong></span> <span class='ocrx_word' id='word_1_238' title='bbox 992 2954 1083 3012; x_wconf 87' lang='lat' dir='ltr'><strong>valide</strong></span> <span class='ocrx_word' id='word_1_239' title='bbox 1110 2953 1296 3011; x_wconf 86' lang='lat' dir='ltr'><strong>confirmatur</strong></span> 
     </span>
     <span class='ocr_line' id='line_1_31' title="bbox 170 3037 1296 3117; baseline 0.002 -25"><span class='ocrx_word' id='word_1_240' title='bbox 170 3039 199 3092; x_wconf 88' lang='lat' dir='ltr'><strong>et</strong></span> <span class='ocrx_word' id='word_1_241' title='bbox 224 3054 242 3092; x_wconf 89' lang='lat' dir='ltr'><strong>a</strong></span> <span class='ocrx_word' id='word_1_242' title='bbox 263 3037 369 3096; x_wconf 88' lang='lat' dir='ltr'><strong>frivolis</strong></span> <span class='ocrx_word' id='word_1_243' title='bbox 394 3040 492 3117; x_wconf 89' lang='lat' dir='ltr'><strong>nuperi</strong></span> <span class='ocrx_word' id='word_1_244' title='bbox 516 3039 661 3114; x_wconf 85' lang='lat' dir='ltr'><strong>cujusdam</strong></span> <span class='ocrx_word' id='word_1_245' title='bbox 685 3039 837 3096; x_wconf 88' lang='lat' dir='ltr'><strong>adversarii</strong></span> <span class='ocrx_word' id='word_1_246' title='bbox 863 3039 1065 3114; x_wconf 89' lang='lat' dir='ltr'><strong>objectionibus</strong></span> <span class='ocrx_word' id='word_1_247' title='bbox 1084 3037 1175 3096; x_wconf 88' lang='lat' dir='ltr'><strong>solide</strong></span> <span class='ocrx_word' id='word_1_248' title='bbox 1199 3038 1296 3096; x_wconf 81' lang='lat' dir='ltr'><strong>vindi-</strong></span> 
     </span>
    </p>
   </div>
   <div class='ocr_carea' id='block_1_15' title="bbox 125 3117 1316 3792">
    <p class='ocr_par' dir='ltr' id='par_1_18' title="bbox 169 3117 1316 3282">
     <span class='ocr_line' id='line_1_32' title="bbox 169 3117 1316 3201; baseline 0.005 -25"><span class='ocrx_word' id='word_1_249' title='bbox 169 3124 256 3182; x_wconf 87' lang='lat' dir='ltr'><strong>catur.</strong></span> <span class='ocrx_word' id='word_1_250' title='bbox 300 3121 429 3180; x_wconf 84' lang='lat' dir='ltr'><strong>Francos.</strong></span> <span class='ocrx_word' id='word_1_251' title='bbox 453 3117 544 3182; x_wconf 85' lang='lat'><strong>1751.</strong></span> <span class='ocrx_word' id='word_1_252' title='bbox 568 3118 596 3180; x_wconf 86' lang='lat'><strong>4.</strong></span> <span class='ocrx_word' id='word_1_253' title='bbox 622 3156 665 3167; x_wconf 94' lang='lat'><em>-</em></span> <span class='ocrx_word' id='word_1_254' title='bbox 689 3122 775 3181; x_wconf 85' lang='lat' dir='ltr'><strong>Redit</strong></span> <span class='ocrx_word' id='word_1_255' title='bbox 795 3125 825 3180; x_wconf 80' lang='lat' dir='ltr'><strong>ria</strong></span> <span class='ocrx_word' id='word_1_256' title='bbox 846 3124 896 3182; x_wconf 91' lang='lat' dir='ltr'><strong>Tr.</strong></span> <span class='ocrx_word' id='word_1_257' title='bbox 919 3124 1042 3201; x_wconf 84' lang='lat' dir='ltr'><strong>Opuscc.</strong></span> <span class='ocrx_word' id='word_1_258' title='bbox 1065 3122 1128 3181; x_wconf 92' lang='lat' dir='ltr'><strong>Vol.</strong></span> <span class='ocrx_word' id='word_1_259' title='bbox 1153 3117 1316 3185; x_wconf 83' lang='grc'><strong>11766.-</strong></span> 
     </span>
     <span class='ocr_line' id='line_1_33' title="bbox 169 3199 938 3282; baseline 0.003 -20"><span class='ocrx_word' id='word_1_260' title='bbox 169 3222 198 3281; x_wconf 89' lang='lat' dir='ltr'><strong>p.</strong></span> <span class='ocrx_word' id='word_1_261' title='bbox 220 3199 397 3271; x_wconf 75' lang='lat'><strong>328—399.</strong></span> <span class='ocrx_word' id='word_1_262' title='bbox 441 3211 561 3279; x_wconf 85' lang='lat' dir='ltr'><strong>(Acriter</strong></span> <span class='ocrx_word' id='word_1_263' title='bbox 578 3217 673 3264; x_wconf 88' lang='lat' dir='ltr'><strong>contra</strong></span> <span class='ocrx_word' id='word_1_264' title='bbox 687 3213 938 3282; x_wconf 82' lang='lat' dir='ltr'><strong>Springsteldium.)</strong></span> 
     </span>
    </p>

    <p class='ocr_par' dir='ltr' id='par_1_19' title="bbox 128 3287 1297 3542">
     <span class='ocr_line' id='line_1_34' title="bbox 128 3287 1297 3372; baseline 0.003 -26"><span class='ocrx_word' id='word_1_265' title='bbox 128 3287 192 3356; x_wconf 82' lang='lat' dir='ltr'><strong>Glo.</strong></span> <span class='ocrx_word' id='word_1_266' title='bbox 215 3289 248 3348; x_wconf 86' lang='lat' dir='ltr'><strong>C.</strong></span> <span class='ocrx_word' id='word_1_267' title='bbox 274 3291 296 3348; x_wconf 88' lang='lat' dir='ltr'>S</span> <span class='ocrx_word' id='word_1_268' title='bbox 302 3293 511 3370; x_wconf 81' lang='lat' dir='ltr'><strong>priugsfeld</strong></span> <span class='ocrx_word' id='word_1_269' title='bbox 534 3293 660 3352; x_wconf 79' lang='lat' dir='ltr'><strong>delensis</strong></span> <span class='ocrx_word' id='word_1_270' title='bbox 682 3294 794 3352; x_wconf 88' lang='lat' dir='ltr'><strong>uberior</strong></span> <span class='ocrx_word' id='word_1_271' title='bbox 814 3313 865 3372; x_wconf 90' lang='lat' dir='ltr'><strong>per</strong></span> <span class='ocrx_word' id='word_1_272' title='bbox 885 3293 959 3354; x_wconf 90' lang='lat' dir='ltr'><strong>Dan.</strong></span> <span class='ocrx_word' id='word_1_273' title='bbox 985 3290 1059 3349; x_wconf 89' lang='lat' dir='ltr'><strong>Guil.</strong></span> <span class='ocrx_word' id='word_1_274' title='bbox 1081 3289 1193 3350; x_wconf 89' lang='lat' dir='ltr'><strong>Trilleri</strong></span> <span class='ocrx_word' id='word_1_275' title='bbox 1213 3310 1297 3350; x_wconf 85' lang='lat' dir='ltr'><strong>exer·</strong></span> 
     </span>
     <span class='ocr_line' id='line_1_35' title="bbox 171 3373 1297 3456; baseline 0.004 -26"><span class='ocrx_word' id='word_1_276' title='bbox 171 3373 330 3436; x_wconf 88' lang='lat' dir='ltr'><strong>citationem</strong></span> <span class='ocrx_word' id='word_1_277' title='bbox 346 3378 463 3438; x_wconf 89' lang='lat' dir='ltr'><strong>alteram</strong></span> <span class='ocrx_word' id='word_1_278' title='bbox 473 3378 626 3456; x_wconf 88' lang='lat' dir='ltr'><strong>pleniorem</strong></span> <span class='ocrx_word' id='word_1_279' title='bbox 643 3380 680 3437; x_wconf 91' lang='lat' dir='ltr'><strong>de</strong></span> <span class='ocrx_word' id='word_1_280' title='bbox 693 3380 816 3438; x_wconf 90' lang='lat' dir='ltr'><strong>remedio</strong></span> <span class='ocrx_word' id='word_1_281' title='bbox 834 3379 1006 3438; x_wconf 86' lang='lat' dir='ltr'><strong>habenarum</strong></span> <span class='ocrx_word' id='word_1_282' title='bbox 1023 3381 1110 3451; x_wconf 88' lang='lat' dir='ltr'><strong>atque</strong></span> <span class='ocrx_word' id='word_1_283' title='bbox 1124 3376 1297 3435; x_wconf 89' lang='lat' dir='ltr'><strong>arundinum</strong></span> 
     </span>
     <span class='ocr_line' id='line_1_36' title="bbox 171 3461 1296 3542; baseline 0.002 -24"><span class='ocrx_word' id='word_1_284' title='bbox 171 3466 296 3535; x_wconf 82' lang='lat' dir='ltr'><strong>extorta,</strong></span> <span class='ocrx_word' id='word_1_285' title='bbox 319 3481 376 3537; x_wconf 88' lang='lat' dir='ltr'><strong>qna</strong></span> <span class='ocrx_word' id='word_1_286' title='bbox 396 3471 509 3542; x_wconf 84' lang='lat' dir='ltr'><strong>recepta</strong></span> <span class='ocrx_word' id='word_1_287' title='bbox 534 3465 588 3522; x_wconf 91' lang='lat' dir='ltr'><strong>loci</strong></span> <span class='ocrx_word' id='word_1_288' title='bbox 613 3464 757 3540; x_wconf 87' lang='lat' dir='ltr'><strong>cujusdam</strong></span> <span class='ocrx_word' id='word_1_289' title='bbox 778 3463 943 3522; x_wconf 87' lang='lat' dir='ltr'><strong>Suetoniani</strong></span> <span class='ocrx_word' id='word_1_290' title='bbox 957 3461 1039 3521; x_wconf 87' lang='lat' dir='ltr'><strong>lectio</strong></span> <span class='ocrx_word' id='word_1_291' title='bbox 1054 3461 1147 3520; x_wconf 90' lang='lat' dir='ltr'><strong>denuo</strong></span> <span class='ocrx_word' id='word_1_292' title='bbox 1168 3461 1296 3520; x_wconf 85' lang='lat' dir='ltr'><strong>vindica-</strong></span> 
     </span>
    </p>

    <p class='ocr_par' dir='ltr' id='par_1_20' title="bbox 125 3543 1224 3621">
     <span class='ocr_line' id='line_1_37' title="bbox 125 3543 1224 3621; baseline -0.004 -15"><span class='ocrx_word' id='word_1_293' title='bbox 125 3599 127 3606; x_wconf 89' lang='grc'><em>,</em></span> <span class='ocrx_word' id='word_1_294' title='bbox 170 3549 225 3602; x_wconf 80' lang='lat' dir='ltr'><strong>tur.</strong></span> <span class='ocrx_word' id='word_1_295' title='bbox 268 3547 334 3608; x_wconf 84' lang='lat' dir='ltr'><strong>Hal.</strong></span> <span class='ocrx_word' id='word_1_296' title='bbox 358 3543 450 3607; x_wconf 75' lang='lat'><strong>1752.</strong></span> <span class='ocrx_word' id='word_1_297' title='bbox 475 3543 505 3609; x_wconf 82' lang='grc'><strong>4.</strong></span> <span class='ocrx_word' id='word_1_298' title='bbox 551 3553 616 3621; x_wconf 88' lang='lat' dir='ltr'><strong>(Hic</strong></span> <span class='ocrx_word' id='word_1_299' title='bbox 631 3553 692 3606; x_wconf 85' lang='lat' dir='ltr'><strong>finis</strong></span> <span class='ocrx_word' id='word_1_300' title='bbox 706 3552 848 3621; x_wconf 84' lang='lat' dir='ltr'><strong>impositus</strong></span> <span class='ocrx_word' id='word_1_301' title='bbox 863 3551 907 3604; x_wconf 89' lang='lat' dir='ltr'><strong>liti</strong></span> <span class='ocrx_word' id='word_1_302' title='bbox 920 3551 998 3604; x_wconf 86' lang='lat' dir='ltr'><strong>nimis</strong></span> <span class='ocrx_word' id='word_1_303' title='bbox 1014 3551 1224 3618; x_wconf 84' lang='lat' dir='ltr'><strong>contentiosae.)</strong></span> 
     </span>
    </p>

    <p class='ocr_par' dir='ltr' id='par_1_21' title="bbox 128 3627 1296 3716">
     <span class='ocr_line' id='line_1_38' title="bbox 128 3627 1296 3716; baseline 0.002 -30"><span class='ocrx_word' id='word_1_304' title='bbox 128 3627 289 3707; x_wconf 84' lang='lat' dir='ltr'><strong>Christoph.</strong></span> <span class='ocrx_word' id='word_1_305' title='bbox 312 3629 386 3706; x_wconf 84' lang='lat' dir='ltr'><strong>Aug.</strong></span> <span class='ocrx_word' id='word_1_306' title='bbox 408 3633 593 3698; x_wconf 88' lang='lat' dir='ltr'><strong>Heumann</strong></span> <span class='ocrx_word' id='word_1_307' title='bbox 630 3631 725 3716; x_wconf 88' lang='lat' dir='ltr'><strong>(resp.</strong></span> <span class='ocrx_word' id='word_1_308' title='bbox 750 3632 871 3710; x_wconf 77' lang='lat' dir='ltr'><strong>Miller)</strong></span> <span class='ocrx_word' id='word_1_309' title='bbox 901 3634 938 3692; x_wconf 89' lang='lat' dir='ltr'><strong>de</strong></span> <span class='ocrx_word' id='word_1_310' title='bbox 966 3631 1102 3692; x_wconf 87' lang='lat' dir='ltr'><strong>miraculis</strong></span> <span class='ocrx_word' id='word_1_311' title='bbox 1117 3631 1296 3709; x_wconf 86' lang='lat' dir='ltr'><strong>Vespasiani,</strong></span> 
     </span>
    </p>

    <p class='ocr_par' dir='ltr' id='par_1_22' title="bbox 125 3709 822 3792">
     <span class='ocr_line' id='line_1_39' title="bbox 125 3709 822 3792; baseline -0.004 -16"><span class='ocrx_word' id='word_1_312' title='bbox 125 3767 128 3776; x_wconf 77' lang='grc'><strong>.</strong></span> <span class='ocrx_word' id='word_1_313' title='bbox 170 3712 233 3776; x_wconf 83' lang='lat' dir='ltr'><strong>Jen.</strong></span> <span class='ocrx_word' id='word_1_314' title='bbox 257 3709 348 3777; x_wconf 85' lang='grc'><strong>1707.</strong></span> <span class='ocrx_word' id='word_1_315' title='bbox 370 3711 400 3778; x_wconf 83' lang='grc'><strong>4.</strong></span> <span class='ocrx_word' id='word_1_316' title='bbox 444 3722 501 3790; x_wconf 89' lang='lat' dir='ltr'><strong>(Ad</strong></span> <span class='ocrx_word' id='word_1_317' title='bbox 515 3724 630 3780; x_wconf 86' lang='lat' dir='ltr'><strong>Sueten.</strong></span> <span class='ocrx_word' id='word_1_318' title='bbox 646 3723 731 3792; x_wconf 85' lang='lat' dir='ltr'><strong>Vesp.</strong></span> <span class='ocrx_word' id='word_1_319' title='bbox 746 3721 822 3790; x_wconf 87' lang='lat' dir='ltr'><strong>Vll.)</strong></span> 
     </span>
    </p>
   </div>
   <div class='ocr_carea' id='block_1_16' title="bbox 561 3867 910 3929">
    <p class='ocr_par' dir='ltr' id='par_1_23' title="bbox 561 3867 910 3929">
     <span class='ocr_line' id='line_1_40' title="bbox 561 3867 910 3929; baseline 0.003 -10"><span class='ocrx_word' id='word_1_320' title='bbox 561 3867 617 3924; x_wconf 88' lang='lat' dir='ltr'><strong>PP.</strong></span> <span class='ocrx_word' id='word_1_321' title='bbox 670 3869 855 3922; x_wconf 80' lang='lat' dir='ltr'><strong>Cicero.</strong></span> <span class='ocrx_word' id='word_1_322' title='bbox 907 3924 910 3929; x_wconf 64' lang='grc'>,</span> 
     </span>
    </p>
   </div>
   <div class='ocr_carea' id='block_1_17' title="bbox 128 3923 1251 4052">
    <p class='ocr_par' dir='ltr' id='par_1_24' title="bbox 128 3923 1251 4052">
     <span class='ocr_line' id='line_1_41' title="bbox 128 3923 1251 4052; baseline 0.007 -26"><span class='ocrx_word' id='word_1_323' title='bbox 128 3923 173 4026; x_wconf 87' lang='lat' dir='ltr'><strong>Jo.</strong></span> <span class='ocrx_word' id='word_1_324' title='bbox 199 3969 276 4033; x_wconf 89' lang='lat' dir='ltr'><strong>Sam.</strong></span> <span class='ocrx_word' id='word_1_325' title='bbox 301 3970 439 4047; x_wconf 85' lang='lat' dir='ltr'><strong>Berger</strong></span> <span class='ocrx_word' id='word_1_326' title='bbox 461 3973 498 4030; x_wconf 90' lang='lat' dir='ltr'><strong>de</strong></span> <span class='ocrx_word' id='word_1_327' title='bbox 519 3973 653 4032; x_wconf 87' lang='lat' dir='ltr'><strong>Cicerone</strong></span> <span class='ocrx_word' id='word_1_328' title='bbox 674 3975 791 4037; x_wconf 87' lang='lat' dir='ltr'><strong>medico.</strong></span> <span class='ocrx_word' id='word_1_329' title='bbox 834 3971 927 4032; x_wconf 89' lang='lat' dir='ltr'><strong>Viteb.</strong></span> <span class='ocrx_word' id='word_1_330' title='bbox 950 3967 1042 4033; x_wconf 83' lang='lat'><strong>1711.</strong></span> <span class='ocrx_word' id='word_1_331' title='bbox 1072 3967 1195 4052; x_wconf 83' lang='lat'><strong>(1714.)</strong></span> <span class='ocrx_word' id='word_1_332' title='bbox 1220 3967 1251 4034; x_wconf 92' lang='grc'><strong>4.</strong></span> 
     </span>
    </p>
   </div>
   <div class='ocr_carea' id='block_1_18' title="bbox 130 4053 1298 4219">
    <p class='ocr_par' dir='ltr' id='par_1_25' title="bbox 130 4053 1298 4219">
     <span class='ocr_line' id='line_1_42' title="bbox 130 4053 1298 4135; baseline 0.003 -23"><span class='ocrx_word' id='word_1_333' title='bbox 130 4053 213 4118; x_wconf 90' lang='lat' dir='ltr'><strong>Bern.</strong></span> <span class='ocrx_word' id='word_1_334' title='bbox 236 4055 271 4113; x_wconf 87' lang='lat' dir='ltr'><strong>F.</strong></span> <span class='ocrx_word' id='word_1_335' title='bbox 294 4055 369 4114; x_wconf 89' lang='lat' dir='ltr'><strong>Rnd.</strong></span> <span class='ocrx_word' id='word_1_336' title='bbox 391 4055 516 4116; x_wconf 88' lang='lat' dir='ltr'><strong>Lauhn</strong></span> <span class='ocrx_word' id='word_1_337' title='bbox 542 4059 607 4121; x_wconf 87' lang='lat' dir='ltr'><strong>diss.</strong></span> <span class='ocrx_word' id='word_1_338' title='bbox 630 4059 774 4135; x_wconf 87' lang='lat' dir='ltr'><strong>epistolica</strong></span> <span class='ocrx_word' id='word_1_339' title='bbox 796 4060 833 4118; x_wconf 90' lang='lat' dir='ltr'><strong>de</strong></span> <span class='ocrx_word' id='word_1_340' title='bbox 857 4059 994 4116; x_wconf 87' lang='lat' dir='ltr'><strong>Cicerone</strong></span> <span class='ocrx_word' id='word_1_341' title='bbox 1015 4058 1081 4118; x_wconf 89' lang='lat' dir='ltr'><strong>artis</strong></span> <span class='ocrx_word' id='word_1_342' title='bbox 1105 4057 1237 4116; x_wconf 87' lang='lat' dir='ltr'><strong>medendi</strong></span> <span class='ocrx_word' id='word_1_343' title='bbox 1262 4076 1298 4116; x_wconf 88' lang='lat' dir='ltr'><strong>ac</strong></span> 
     </span>
     <span class='ocr_line' id='line_1_43' title="bbox 171 4137 768 4219; baseline 0.012 -23"><span class='ocrx_word' id='word_1_344' title='bbox 171 4141 341 4198; x_wconf 90' lang='lat' dir='ltr'><strong>medicorum</strong></span> <span class='ocrx_word' id='word_1_345' title='bbox 364 4147 493 4219; x_wconf 84' lang='lat' dir='ltr'><strong>patrono.</strong></span> <span class='ocrx_word' id='word_1_346' title='bbox 537 4143 598 4206; x_wconf 88' lang='lat' dir='ltr'><strong>Jen.</strong></span> <span class='ocrx_word' id='word_1_347' title='bbox 621 4139 711 4204; x_wconf 87' lang='grc'><strong>1750.</strong></span> <span class='ocrx_word' id='word_1_348' title='bbox 738 4137 768 4204; x_wconf 90' lang='grc'><strong>4.</strong></span> 
     </span>
    </p>
   </div>
   <div class='ocr_carea' id='block_1_19' title="bbox 129 4223 1377 4390">
    <p class='ocr_par' dir='ltr' id='par_1_26' title="bbox 129 4223 1377 4390">
     <span class='ocr_line' id='line_1_44' title="bbox 129 4223 1377 4308; baseline -0.001 -25"><span class='ocrx_word' id='word_1_349' title='bbox 129 4223 205 4284; x_wconf 82' lang='lat' dir='ltr'><strong>Petr.</strong></span> <span class='ocrx_word' id='word_1_350' title='bbox 229 4224 405 4284; x_wconf 82' lang='lat' dir='ltr'><strong>Elrerman</strong></span> <span class='ocrx_word' id='word_1_351' title='bbox 437 4225 527 4308; x_wconf 82' lang='lat' dir='ltr'><strong>(resp.</strong></span> <span class='ocrx_word' id='word_1_352' title='bbox 548 4227 637 4287; x_wconf 88' lang='lat' dir='ltr'><strong>Andr.</strong></span> <span class='ocrx_word' id='word_1_353' title='bbox 663 4229 745 4291; x_wconf 88' lang='lat' dir='ltr'><strong>Gust.</strong></span> <span class='ocrx_word' id='word_1_354' title='bbox 768 4223 943 4306; x_wconf 87' lang='lat' dir='ltr'><strong>Barchaeus)</strong></span> <span class='ocrx_word' id='word_1_355' title='bbox 970 4228 1008 4285; x_wconf 90' lang='lat' dir='ltr'><strong>de</strong></span> <span class='ocrx_word' id='word_1_356' title='bbox 1037 4225 1151 4284; x_wconf 88' lang='lat' dir='ltr'><strong>historia</strong></span> <span class='ocrx_word' id='word_1_357' title='bbox 1175 4226 1297 4284; x_wconf 84' lang='lat' dir='ltr'><strong>naturali</strong></span> <span class='ocrx_word' id='word_1_358' title='bbox 1375 4271 1377 4294; x_wconf 88' lang='grc'>,</span> 
     </span>
     <span class='ocr_line' id='line_1_45' title="bbox 172 4309 1297 4390; baseline 0.002 -24"><span class='ocrx_word' id='word_1_359' title='bbox 172 4309 275 4368; x_wconf 88' lang='lat' dir='ltr'><strong>lumine</strong></span> <span class='ocrx_word' id='word_1_360' title='bbox 298 4310 463 4390; x_wconf 88' lang='lat' dir='ltr'><strong>scriptorum</strong></span> <span class='ocrx_word' id='word_1_361' title='bbox 494 4312 741 4374; x_wconf 85' lang='lat' dir='ltr'><strong>Ciceronianorum</strong></span> <span class='ocrx_word' id='word_1_362' title='bbox 776 4313 937 4372; x_wconf 88' lang='lat' dir='ltr'><strong>mirabiliter</strong></span> <span class='ocrx_word' id='word_1_363' title='bbox 969 4311 1141 4376; x_wconf 85' lang='lat' dir='ltr'><strong>collustrata.</strong></span> <span class='ocrx_word' id='word_1_364' title='bbox 1195 4310 1297 4390; x_wconf 81' lang='lat' dir='ltr'><strong>Upsal.</strong></span> 
     </span>
    </p>
   </div>
   <div class='ocr_carea' id='block_1_20' title="bbox 158 4389 320 4457">
    <p class='ocr_par' dir='ltr' id='par_1_27' title="bbox 158 4389 320 4457">
     <span class='ocr_line' id='line_1_46' title="bbox 158 4389 320 4457; baseline -0.012 -3"><span class='ocrx_word' id='word_1_365' title='bbox 158 4389 264 4457; x_wconf 76' lang='grc'><strong>1159.</strong></span> <span class='ocrx_word' id='word_1_366' title='bbox 289 4389 320 4453; x_wconf 86' lang='grc'><strong>4.</strong></span> 
     </span>
    </p>
   </div>
   <div class='ocr_carea' id='block_1_21' title="bbox 0 0 1420 4872">
    <p class='ocr_par' dir='ltr' id='par_1_28' title="bbox 0 0 1420 4872">
     <span class='ocr_line' id='line_1_47' title="bbox 0 0 1420 4872; baseline 0 0"><span class='ocrx_word' id='word_1_367' title='bbox 0 0 1420 4872; x_wconf 95' lang='lat' dir='ltr'><strong> </strong></span> 
     </span>
    </p>
   </div>
  </div>
 </body>
</html>
