2808 4872
125 265 169 330 42
572 260 712 322 Medicina
735 262 859 340 antiqua.

127 420 214 482 Anut.
235 417 386 478 Faenius
414 415 578 476 oeconomia
604 415 784 494 Hippocratis
808 412 949 493 alphabeti
975 416 1046 476 serie
1074 415 1221 492 distincta,
1260 416 1289 474 in

169 525 226 583 qua
262 505 413 562 dictionum
442 501 519 580 apud
545 501 632 578 Hipp.
659 501 783 559 omnium
809 501 971 578 praesertim
1003 503 1193 560 obscuriorum
1220 519 1288 559 usus

165 590 331 669 explicatur,
352 589 392 646 ita
412 593 444 645 ut
464 586 572 644 lexicon
594 587 823 662 Hippocraticum
844 586 943 644 merito
957 587 1011 645 dici
1032 590 1130 665 possit.
1153 587 1288 646 Francot'.

171 669 265 737 1588.
288 675 324 743 1.,
351 678 431 730 auctu
452 671 558 734 Gener.
580 665 673 730 1662.
694 673 715 730 f.
758 675 1033 744 (Praestantissimum
1046 695 1114 748 opus
1128 676 1290 748 philologici

170 761 197 810 et
213 754 306 810 medici
323 751 495 822 argumenti)
894 749 896 756 '

125 826 214 891 Andr.
236 828 367 886 Caesal
373 825 450 904 pini
471 817 638 903 κάτοπτρον
659 823 718 882 sive
737 824 879 902 speculum
899 824 965 883 artis
986 827 1110 884 medicae
1130 827 1292 904 Hippocra-

167 915 261 972 ticum.
303 912 388 972 Rom.
414 905 507 970 1601.
528 905 578 972 12.
620 908 752 973 Francof.
778 905 869 968 1605.
895 905 924 968 8.
950 915 976 966 el
995 913 1107 988 caepim.

124 999 173 1062 Jo.
186 997 328 1072 Helwig
352 990 530 1074 ἆλφαβῆτον
552 988 686 1071 ἰατρικόν
707 994 734 1056 h.
756 1013 780 1056 e.
795 995 887 1052 brevis
908 995 995 1053 totius
1010 995 1162 1053 medicinae
1178 995 1292 1073 Hippo-

168 1082 287 1142 craticae
312 1083 340 1138 iu
369 1099 473 1158 paucas
497 1078 614 1138 tabellas
635 1079 768 1138 reductae
793 1079 951 1138 delineatio.
994 1077 1121 1142 Norimb.
1147 1075 1241 1142 1631.
1267 1081 1289 1143 f.

124 1168 169 1228 Jo.
191 1167 277 1230 Conr.
303 1164 493 1224 Dieterich
521 1165 637 1222 iatreum
661 1163 893 1242 Hippocraticum
916 1165 997 1240 juxta
1019 1165 1134 1224 ductum
1158 1165 1290 1244 aphoris-

166 1271 237 1313 mor.
261 1251 464 1310 concinnatum.
508 1249 599 1308 Giess.
623 1243 714 1308 1655.
736 1245 779 1322 4.,
816 1249 890 1312 Ulm.
914 1244 1004 1310 1661,
1029 1247 1060 1311 4.

47 1344 49 1348 ‘
123 1337 235 1398 Honor.
256 1336 404 1393 Bicaise
428 1334 556 1392 manuale
583 1334 754 1391 medicorum
777 1353 827 1392 seu
855 1335 1075 1412 promptuarium
1105 1334 1290 1413 aphorismor.

165 1423 273 1500 Hipp.,
300 1419 478 1498 praeuotion.
506 1419 624 1477 Coacar.
655 1425 684 1477 et
717 1421 938 1496 praedictionum
967 1419 1120 1476 secuudum
1144 1419 1290 1498 propriam

165 1507 327 1565 morborum
338 1505 461 1562 omnium
474 1504 710 1560 nomenclaturam
724 1503 898 1580 alphabetico
914 1505 1053 1577 digestum
1064 1505 1171 1566 ordine.
1193 1501 1293 1567 Lond.

167 1585 345 1660 1659.12.;
372 1589 479 1650 Gener.
496 1584 586 1650 1660.
609 1582 674 1660 12,
697 1583 866 1660 10111712.
888 1584 958 1660 12,
984 1587 1024 1644 ed.
1046 1585 1133 1646 Henr.
1156 1588 1293 1668 Gujot,

164 1675 252 1732 Paris.
278 1668 369 1736 1739.
398 1669 449 1736 12.

123 1761 227 1824 Thom.
253 1759 391 1817 Buruet
422 1758 611 1834 Hippocrates
642 1762 816 1828 contractus,
855 1757 884 1814 iu
908 1775 965 1832 quo
994 1755 1033 1818 H.
1056 1777 1122 1834 opp.
1146 1755 1240 1814 omnia
1261 1758 1294 1816 iu

165 1847 277 1904 brevem
302 1845 443 1920 epitomen
464 1843 579 1899 redacta
602 1841 747 1904 habentur.
773 1841 876 1906 Edinb.
895 1836 986 1900 1685.
1005 1835 1051 1914 8.;
1077 1842 1177 1904 Vienn.
1193 1835 1293 1901 1733.

164 1925 211 1998 4.;
233 1925 384 2004 Argentor.
407 1919 499 1988 1765.
521 1921 551 1989 8.
574 1957 617 1970 -
647 1925 776 1990 German.
799 1947 864 1984 vers.
890 1927 924 1986 ab
944 1925 1024 1989 Alex.
1046 1925 1175 2000 Echer,
1202 1926 1293 1986 Wien

122 2098 189 2180 (Jo.
211 2097 286 2156 Rud.
309 2090 498 2170 Zwinger)
533 2093 683 2170 Speculum
715 2094 946 2172 Hippocraticum
974 2100 1056 2152 notas
1087 2099 1116 2152 et
1140 2095 1293 2171 praesagia

120 2201 123 2208 ·
163 2182 323 2242 morborum
348 2197 481 2236 necnon
506 2179 582 2236 varia
609 2180 739 2236 medendi
764 2185 915 2256 praecepta
942 2197 976 2236 ex
1003 2179 1089 2256 Hipp.
1112 2179 1294 2238 0011001111-

104 2277 106 2280 ’
164 2267 265 2325 mentis
280 2265 377 2322 ordine
398 2262 573 2339 alphabetico
590 2263 626 2322 ob
649 2264 744 2322 oculos
758 2283 876 2342 ponens.
896 2263 981 2324 Basil.
999 2258 1091 2326 1747.
1113 2259 1143 2322 8.
1172 2269 1294 2337 (Bonum

165 2363 232 2417 opus
249 2343 537 2412 medico-practicam.)

120 2420 205 2498 Casp.
235 2417 362 2494 Wolph
383 2416 527 2490 catalogus
551 2421 675 2474 veterum
706 2423 736 2476 et
763 2416 915 2476 recentium
939 2416 1104 2494 scriptorum
1124 2417 1152 2476 in
1174 2417 1295 2496 Hippo-

163 2504 245 2563 cratis
268 2521 362 2580 opera.
405 2500 530 2576 Sangalli
552 2495 643 2558 1584.
669 2497 698 2564 8.

119 2589 190 2648 Paul
221 2587 360 2664 Sigmund
392 2584 457 2642 Car.
489 2585 582 2642 Preu
608 2585 673 2650 diss.
698 2588 792 2663 inaug.
825 2587 862 2644 de
885 2585 1083 2664 interpretibus
1103 2585 1294 2664 Hippocratis

118 2707 120 2712 ·
163 2674 278 2750 graecis.
322 2664 592 2733 Altorfi1795.8.

119 2757 194 2820 Dan.
217 2757 301 2817 Wilh.
323 2755 460 2815 Triller
492 2755 528 2812 de
561 2773 636 2811 nova
659 2753 840 2832 Hippocratis
864 2754 988 2812 editione
1019 2755 1184 2812 adomauda
1208 2775 1294 2814 cum-

161 2843 313 2912 mentati03
346 2839 501 2916 speciminis
522 2838 584 2896 loco
605 2839 730 2913 adjectus
752 2846 795 2898 est
814 2839 921 2898 libellus
949 2839 1063 2916 (Hipp.)
1088 2841 1124 2898 de
1145 2845 1294 2918 anatome,
1336 2832 1339 2836 ’

161 2925 359 2985 commentario
381 2923 598 2982 medico-critico
623 2931 759 3000 perpetuo
781 2925 943 2986 illustratus.
992 2924 1088 2998 Lugd.
1101 2925 1165 2988 Bat.
1192 2919 1292 2986 1728.

159 3007 195 3074 ,4.
210 3043 254 3056 -·-
277 3009 364 3066 Redit
383 3011 414 3065 iu
435 3007 486 3070 Tr.
513 3027 624 3084 opuscc.
650 3009 714 3066 701.
741 3009 775 3070 ll.
800 3003 892 3070 1766.
915 3029 943 3084 p.
965 3003 1142 3071 238-285,

117 3131 161 3141 -
181 3125 224 3138 -
249 3093 368 3171 epistola
385 3093 422 3149 ad
448 3091 474 3154 J.
499 3091 604 3150 Freind
621 3111 706 3169 super
727 3093 746 3150 l.
770 3099 798 3151 et
822 3093 870 3156 lll.
896 3093 1076 3170 Hippocratis
1098 3094 1216 3172 epidem.
1230 3115 1293 3154 uu-

137 3214 140 3220 =
160 3198 212 3258 per
233 3180 269 3236 ab
291 3179 352 3256 ipso
376 3177 467 3239 editis.
510 3175 543 3234 ln
565 3195 621 3252 qua
641 3177 720 3235 simul
745 3179 836 3252 am'tur
858 3179 895 3236 de
920 3179 1001 3235 variis
1025 3178 1205 3254 Hippocratis
1223 3182 1294 3239 edi·

161 3263 294 3335 tionibus,
317 3263 417 3334 hiscis,
443 3263 479 3320 de
504 3263 564 3336 ejus
585 3261 647 3320 stilo
673 3269 702 3320 et
723 3263 842 3321 dialecto
866 3269 919 3325 etc.
954 3261 1031 3338 Lips.
1057 3258 1146 3325 1718.
1168 3260 1197 3322 8.
1223 3263 1292 3324 Ru-

162 3348 288 3408 dolstadt
300 3342 389 3407 1720.
405 3342 435 3410 8.
448 3381 490 3390 -
504 3346 591 3404 Redit
601 3350 630 3403 io
641 3347 692 3409 Tr.
708 3367 818 3424 opuscc.
833 3347 897 3406 Vol.
914 3346 948 3408 ll.
962 3343 1052 3408 1766.
1064 3369 1093 3424 p.
1106 3343 1290 3415 178-237.

161 3429 284 3495 (Multum
301 3425 373 3481 valet
391 3427 426 3480 ad
443 3426 552 3480 criticen
569 3427 664 3497 Hipp.;
682 3429 787 3498 scripsit
806 3435 897 3482 contra
906 3427 973 3480 hauc
981 3428 1117 3498 epistolam
1125 3429 1290 3500 Jolting,

160 3498 314 3566 Cantabrig.
334 3495 423 3561 1722.)

117 3569 152 3632 F.
178 3571 300 3628 Osann
323 3569 515 3628 observatione
539 3586 586 3626 sur
609 3587 666 3628 une
693 3567 823 3626 nouvelle
854 3569 1013 3628 traduction
1038 3571 1174 3647 franpaise
1198 3571 1293 3632 snivie

160 3656 200 3712 du
220 3660 296 3713 texte
318 3671 385 3728 grec
410 3654 450 3710 du
474 3653 557 3710 traite
579 3653 781 3730 d’Hippocrate
802 3672 849 3711 sur
868 3653 909 3712 les
924 3673 1003 3730 caux,
1028 3655 1088 3714 l’air
1105 3662 1134 3714 et
1150 3657 1190 3714 les
1203 3656 1291 3722 lieux.

160 3738 241 3798 Paris
264 3733 356 3798 1818.
377 3731 406 3794 8.
442 3771 484 3780 -
517 3735 607 3794 Antea
637 3741 674 3795 iu·
691 3737 780 3796 Millin
811 3738 903 3802 annal.
933 3739 1036 3816 encycl.
1060 3735 1151 3800 1808.
1194 3739 1290 3805 tout.

162 3819 319 3886 (Editionem
338 3817 441 3886 Chailly
457 3819 599 3884 recenset)

117 3891 185 3950 Ern.
212 3891 333 3952 Godofr.
355 3889 555 3966 Baldinger
580 3889 683 3949 selecta
702 3891 848 3949 doctorum
870 3891 993 3951 virorum
1013 3893 1156 3969 opuscula,
1177 3893 1206 3951 iu
1221 3895 1291 3968 qui·
1390 3949 1392 3964 ,

159 3977 211 4036 hus
233 3977 420 4054 Hippocrates
443 3976 603 4052 explicatur,
627 3977 719 4034 denuo
742 3977 826 4036 edita.
851 3975 980 4054 Gotting.
1000 3973 1092 4038 1782.
1110 3973 1139 4036 8.
1162 3983 1291 4052 (Scripta
1391 3969 1392 3980 ¹

162 4057 232 4110 XlIe
267 4057 422 4122 Hoffmann,
441 4057 541 4108 Gesner
559 4062 587 4108 et
603 4056 752 4126 Schouingh
770 4057 803 4109 de
820 4059 908 4110 morbo
925 4059 1009 4126 nigro,
1045 4059 1137 4111 Wedel
1155 4059 1188 4112 de
1203 4063 1289 4116 morb.

162 4144 260 4190 crasso,
280 4125 408 4179 Goelickc
426 4125 459 4178 de
476 4126 556 4182 morb.
575 4132 652 4190 ruct,
671 4126 748 4179 Stahl
765 4125 798 4178 de
815 4127 880 4182 febr.
899 4127 1027 4191 lethifera,
1045 4128 1139 4180 Wedel
1150 4129 1182 4180 de
1194 4130 1288 4184 morbo

181 4196 299 4260 hoenic.‚
318 4195 402 4248 Vatcr
420 4196 453 4248 de
469 4195 544 4248 lienis
562 4195 690 4266 prolaps.‚
709 4195 828 4264 Sigwart
844 4197 939 4266 fragm.
958 4197 1106 4263 dynamices
1124 4197 1205 4266 Hipp.
1225 4199 1288 4251 Ga-

161 4213 222 4386 an,
239 4262 332 4398 Jh⁰⁰ii
349 4263 442 4334 philos.
459 4263 551 4334 Hipp.,
569 4265 694 4321 Albrecht
710 4265 737 4318 in
754 4265 803 4322 luc.
823 4264 891 4335 epid.
909 4267 957 4332 71,
975 4267 1061 4335 Seger
1078 4267 1112 4320 de
1124 4267 1202 4338 Hipp.
1216 4265 1286 4322 libro

179 4351 194 4386 e
212 4349 257 4386 cur
276 4351 298 4386 e.

117 4405 162 4470 Jo.
188 4406 273 4486 Bapt.
294 4402 414 4464 d’Ansse
438 4405 475 4465 de
495 4404 681 4468 Villoison
702 4406 821 4488 epistola
842 4407 878 4465 de
900 4407 1067 4484 quibusdam
1091 4407 1286 4487 Hippocratis,

1390 4405 1392 4424 l

1390 4429 1392 4468 l
