2766 4878
136 279 199 348 luo
641 281 804 346 1110010100

439 432 487 530 f.
549 431 1004 556 (inhonestiora.

137 606 235 666 Victor
249 604 353 683 Bally
372 623 445 683 coup
461 604 544 666 d’oeil
555 624 604 664 sur
619 605 754 666 l'histoire
771 607 808 666 de
818 606 846 664 la
856 607 1061 684 gymnasiique.
1083 604 1161 666 Puris
1174 599 1261 667 1817.
1271 601 1298 666 8.
1360 591 1362 624 r

138 692 255 753 Hieron.
278 690 512 749 Mercurialis
538 691 574 750 de
596 697 657 750 arte
682 692 855 768 gymnastico
882 693 944 750 libri
966 712 1032 764 sex,
1053 693 1081 750 10
1104 692 1205 768 quibus
1226 709 1299 750 exer-

181 778 345 838 citationum
363 775 487 834 omniurn
507 781 680 834 vetustarum
699 795 813 852 genera,
835 776 908 850 loca,
923 778 1010 850 modi,
1027 777 1173 836 facultates
1184 781 1212 834 01
1222 777 1299 852 quid-

68 935 69 938 *
180 863 250 939 quid
271 861 393 936 denique
416 861 455 916 ad
476 861 600 938 corporis
621 860 735 918 humaui
761 861 972 922 exercitationes
992 862 1128 940 pertinet,
1158 859 1299 936 diligenter

180 947 341 1026 explicatur.
382 944 482 1006 Venet.
505 940 595 1007 1569.
617 941 664 1019 4.,
697 946 734 1004 ib.
765 941 858 1006 1573.
879 942 909 1006 4.
934 966 991 1006 cum
1007 947 1083 1024 figg.
1115 946 1185 1021 ligo.
1204 948 1299 1016 1001010,

180 1053 247 1112 quur
267 1033 346 1108 prior
366 1029 521 1088 0011110000
541 1031 637 1101 101ος
670 1029 758 1089 Paris.
783 1025 877 1091 1577.
901 1027 943 1104 4.,
971 1024 1297 1104 70001.1587.4.,11).
1360 1039 1362 1100 1

181 1111 274 1176 1601.
301 1110 345 1192 4.,
377 1115 414 1172 11).
444 1109 536 1172 1644.
567 1110 597 1172 4.
623 1119 703 1186 (adit.
724 1121 875 1188 posthuma,
897 1121 936 1172 Μ.
959 1115 983 1195 †
1009 1116 1111 1189 1606).
1164 1114 1296 1174 Amsterd.
1360 1119 1362 1178 l

181 1195 273 1260 1672.
285 1195 316 1262 4.
338 1232 382 1244 -
401 1197 550 1260 11000010
575 1199 697 1277 Opuscc
721 1217 805 1258 aurea
826 1207 855 1258 et
876 1201 1028 1264 selectiora.
1050 1201 1151 1262 Venet.
1173 1194 1296 1260 16441.
1360 1247 1362 1284 Ι

142 1345 143 1348 ,
181 1292 207 1344 01
226 1288 257 1344 iu
279 1285 326 1344 Jo.
350 1283 446 1343 Poleni
474 1283 669 1362 supplementa
697 1303 770 1342 nova
795 1286 832 1342 ad
858 1284 984 1345 Gronov.
1010 1287 1157 1346 thesauros
1184 1285 1298 1362 antiqui·
1360 1291 1362 1336 l

179 1377 270 1430 tatum
291 1389 382 1447 graec
405 1375 434 1428 et
454 1388 592 1433 romanat.
633 1369 733 1438 Venet.
760 1363 892 1432 17371.
918 1375 987 1436 tom.
1007 1371 1058 1431 lll.

137 1453 185 1517 10.
205 1456 323 1514 Zachar.
348 1454 493 1512 Platuer
509 1473 606 1532 progr.
628 1455 665 1512 de
688 1461 749 1512 arte
771 1455 945 1532 gymnastico
961 1461 1094 1514 veterum.
1117 1446 1296 1532 11001724.

179 1535 211 1600 4.
232 1573 275 1584 -—
295 1537 382 1596 Redit
405 1541 435 1596 10
457 1537 579 1616 Opuscc.
599 1544 668 1600 tom.
690 1539 726 1599 ll.
752 1559 780 1617 p.
804 1534 937 1604 ll—20.
979 1545 1033 1614 (De
1058 1543 1227 1614 gymnastico
1249 1558 1298 1596 00-

181 1620 240 1674 dica
257 1618 387 1690 usquead
404 1618 586 1684 Purucelsum3
605 1620 638 1673 de
655 1620 722 1674 ludis
739 1621 875 1687 veterum.)
935 1641 937 1644 ⁴

137 1691 199 1753 Pet.
223 1693 378 1751 Gericlre
402 1691 534 1772 (Gerilre)
560 1694 597 1751 de
616 1694 806 1772 gymnasticae
831 1693 956 1760 medicae
976 1693 1078 1754 veteris
1102 1689 1298 1753 inventoribus.

179 1777 338 1837 Helmstad.
363 1771 455 1838 1748.
478 1771 509 1834 8.

138 1863 269 1923 Gerhard
290 1861 455 1920 Loebher
474 1861 520 1920 die
541 1860 708 1938 Gymnastilr
733 1864 783 1923 der
806 1863 953 1927 Helleneu.
1007 1862 1136 1922 ldirnster
1161 1854 1252 1922 1835.
1271 1853 1298 1918 8.

182 1943 254 2012 (Nou
272 1942 380 1996 eruditis
397 1943 443 1995 sed
456 1941 554 2012 populo
572 1943 717 2013 scriptum.)

138 2018 184 2078 Jo.
210 2017 308 2074 Heinr.
334 2015 470 2073 Krause
497 2015 665 2092 Theogenes
688 2018 758 2075 oder
777 2015 1040 2076 wissenschaliliohe
1057 2013 1240 2089 Darstelluug
1254 2011 1299 2070 der

180 2099 357 2178 Gymnmtih,
381 2097 528 2176 Agonistik
549 2103 609 2160 und
629 2101 786 2182 Festspiele
810 2103 861 2162 der
881 2101 1028 2165 Helleueu.
1058 2095 1086 2158 1.
1111 2098 1179 2160 Thl.
1203 2094 1231 2162 l.
1245 2095 1298 2156 hb-

178 2185 315 2261 theilung.
357 2184 439 2242 Halle
466 2180 556 2244 1835.
570 2181 600 2248 8.

137 2305 182 2320 ·-
197 2272 298 2329 '-die
318 2269 485 2347 Gymnastilr
506 2271 564 2328 und
585 2269 734 2346 Agonissik
749 2273 801 2330 der
816 2270 954 2329 Hellenen
976 2266 1221 2328 wissenschattlich
1238 2265 1298 2326 dur-
1360 2283 1362 2302 ¹

181 2355 301 2434 gestellt.
321 2349 428 2413 iude.
452 2355 504 2412 mit
525 2349 644 2413 361ith.
668 2356 736 2416 Tar.
779 2355 898 2434 Leipzig
918 2351 1009 2414 1841.
1034 2349 1065 2413 8.

138 2459 214 2520 Patr.
232 2457 348 2516 Faber
372 2453 480 2534 (liene
505 2456 544 2514 du
568 2456 658 2536 Faur)
681 2458 855 2534 agonisticon
881 2457 939 2515 sive
963 2455 1000 2514 de
1021 2474 1052 2514 re
1073 2454 1204 2514 athletica
1217 2453 1300 2512 ludis·

181 2563 237 2620 que
257 2549 382 2601 veterum
407 2540 558 2617 gymnicis,
589 2543 701 2601 musicis
729 2549 815 2618 atque
836 2541 1002 2600 circensibus
1023 2541 1228 2618 spicilegiorum
1248 2545 1300 2597 tra·

181 2634 281 2689 clatus.
306 2625 402 2702 Lugd.
421 2620 512 2683 1592.
531 2621 577 2699 4.,
597 2626 634 2685 ih.
658 2622 749 2686 1595.
758 2621 789 2686 4.
806 2661 844 2672 -
863 2626 941 2684 Ano.
967 2628 998 2684 10
1019 2625 1132 2684 Graevii
1156 2625 1229 2684 thes.
1253 2641 1300 2682 au-

180 2715 252 2790 tiqn.
272 2711 374 2771 Graec.
395 2709 472 2769 Vlll.
498 2715 591 2784 (Opus
613 2715 751 2786 copiosum
774 2721 804 2768 et
828 2715 990 2768 eruditionis
1010 2714 1134 2784 plenum3
1159 2713 1209 2766 lib.
1234 2712 1298 2781 rar.)

137 2816 182 2876 Jo.
203 2814 293 2872 Henr.
319 2811 475 2870 Schulze
504 2809 590 2890 (resp.
616 2813 694 2872 Frid.
719 2813 891 2885 Hoffmann)
920 2813 985 2870 diss.
1012 2813 1108 2888 inaug.
1131 2811 1168 2870 de
1193 2811 1298 2870 athletis
1360 2871 1362 2902 Ι

179 2904 304 2996 veterum
324 2914 478 2996 eorumque
499 2897 591 2954 diaeta
613 2903 642 2954 et
669 2899 776 2956 habitu.
815 2897 882 2959 Hal.
904 2891 996 2958 1717.
1022 2891 1052 2961 4.
1088 2931 1130 2942 -·
1162 2895 1300 2956 1100111101
1360 2927 1362 3018 p

177 2982 314 3042 Collectro
336 2982 569 3038 dissertationum.
594 2981 659 3044 Hal.
682 2977 773 3043 1743.
798 2979 828 3042 4.
1360 3029 1362 3060 y

135 3119 179 3131 -
199 3117 240 3130 -
264 3082 355 3159 (resp.
385 3077 509 3140 Nathan.
537 3081 737 3159 Baumgarteu)
774 3084 983 3144 observationes
1010 3083 1150 3160 quaedam
1178 3082 1217 3140 ad
1246 3099 1298 3140 reru
1343 3111 1345 3114 ·

178 3168 356 3228 athlethlcam
374 3165 552 3242 pertinentes.
574 3166 640 3226 Hal.
663 3163 754 3230 1737.
780 3165 811 3228 4.
841 3175 949 3242 (Parum
964 3173 998 3226 ad
1012 3173 1169 3226 medicinam
1180 3171 1297 3238 faciens.)
1360 3215 1362 3258 i

138 3269 204 3334 Chr.
225 3267 395 3328 Rosbeclr
420 3267 457 3326 de
480 3263 655 3332 πεντάθλου
675 3288 697 3327 s.
722 3271 902 3328 certaminum
922 3271 1114 3348 gymnicorum
1126 3271 1204 3348 apud
1215 3270 1298 3330 Grae·

179 3374 229 3414 cos
249 3354 366 3430 origine,
391 3347 454 3411 cum
479 3353 666 3432 adplicatione
687 3355 724 3413 ad
750 3373 794 3412 res
816 3357 929 3434 patrias.
967 3356 1063 3434 Upsal.
1093 3348 1187 3415 1751.
1216 3350 1247 3416 4.
1360 3363 1362 3430 1

137 3457 202 3516 Car.
224 3455 368 3534 Philipp
396 3455 433 3512 de
452 3455 598 3532 pentathlo
624 3475 646 3520 s,
669 3455 848 3531 quinquertio
869 3463 1018 3516 comment.
1043 3455 1136 3516 Berol.
1158 3449 1249 3516 1827.
1268 3451 1296 3518 8.

179 3535 436 3605 (Comprehendebat
452 3537 601 3604 pentathlon
619 3537 721 3600 saltum,
740 3553 850 3602 cursum,
869 3537 982 3605 discum,
999 3539 1103 3603 hastas,
1120 3536 1295 3603 luctationem

180 3607 230 3663 010.
247 3605 341 3660 Dissen
358 3603 391 3657 ad
409 3604 514 3657 Pindar.
538 3613 565 3658 et
583 3606 644 3661 Gir.
662 3605 793 3660 Hermann
810 3605 837 3659 iu
855 3605 970 3676 Opuscc.
987 3607 1035 3665 Vl.
1053 3608 1095 3674 5.)

135 3695 183 3758 70.
208 3695 244 3757 E.
270 3696 311 3754 ab
338 3691 565 3752 Aversvalda
586 3693 623 3752 de
644 3701 770 3753 veterum
795 3701 855 3754 arte
879 3695 1011 3762 luctandi.
1053 3695 1147 3756 Viteb.
1166 3691 1256 3760 1710.
1267 3690 1294 3756 4.
1360 3733 1362 3774 j

136 3799 192 3862 Gli.
216 3797 311 3856 Heiur.
333 3794 610 3870 Kanuegiesser
627 3794 717 3853 oratio
733 3797 770 3856 de
790 3802 915 3856 veterum
926 3797 1063 3878 pugilatu,
1079 3799 1207 3860 sanitatis
1220 3816 1295 3879 prae

177 3883 249 3944 sidio
270 3879 380 3958 insigni.
422 3879 517 3938 Kilon.
539 3873 632 3942 1761.
653 3875 682 3938 4.

317 4204 319 4212 ¹
380 4085 444 4186 g.
506 4000 1053 4162 Omusueteorlirues.

134 4255 237 4316 Martio
252 4253 346 4314 Heer
373 4253 544 4334 Hermippus
571 4253 718 4313 redivivus.
750 4254 880 4314 Francos.
904 4251 994 4320 1742.
1016 4250 1045 4318 8.
1066 4287 1110 4299 -
1130 4253 1214 4331 Aegl.
1233 4260 1291 4313 0001.
1358 4309 1362 4320 ,

177 4341 253 4475 ἰ10110
267 4339 362 4486 )Η111.
385 4338 478 4400 Lond.
500 4333 592 4400 1749.
609 4334 638 4398 8.
667 4346 722 4412 (De
741 4343 822 4414 longa
838 4345 897 4399 vita
911 4345 1055 4417 Hermippi
1069 4362 1103 4398 ex
1117 4343 1203 4398 halitu
1224 4343 1292 4416 puel·

187 4438 266 4476 urum.
293 4471 302 4491 ,
