2808 4872
583 351 658 432 Opp.
684 351 833 428 generalia.
1269 343 1290 407 5

102 533 119 544 -·
167 497 325 566 medicinae,
348 515 416 568 quae
432 515 495 553 vero
518 498 671 570 praesertim
688 516 768 570 opera
789 498 991 554 Schelhammerl
1009 517 1058 571 pre
1078 499 1230 571 compendio
1249 497 1289 550 hi-

168 570 268 623 rtoriae
284 569 417 622 literatius
434 568 462 621 in
478 569 556 622 rebus
574 568 679 622 medicis
697 569 788 623 haberi
805 571 912 639 potest.)

119 642 148 700 J.
174 643 325 700 Bernier
353 641 438 698 essais
465 643 501 699 de
522 641 681 714 medecine,
714 642 752 700 oia
777 642 795 699 il
823 647 866 700 est
888 641 972 700 traite
993 641 1029 699 de
1046 641 1180 700 l’histoire
1202 640 1238 698 de
1263 639 1290 696 la

168 727 313 785 me‘decine
334 731 363 784 et
387 727 438 784 des
458 725 614 798 medecina,
650 726 689 782 du
718 727 816 785 devoir
837 727 887 784 des
909 727 1049 784 medecins
1071 727 1088 784 ia
1109 724 1218 801 l'egard
1240 724 1290 780 des

167 811 292 869 malades
315 816 344 869 et
365 811 402 868 de
426 810 497 868 celui
517 811 567 868 des
587 809 711 867 maiades
732 811 750 868 a
771 811 879 888 l’egard
901 812 950 870 des
971 811 1129 882 medecina,
1158 811 1195 866 de
1217 806 1291 865 l’uti-

168 895 221 955 lite'
240 897 290 953 des
311 895 438 954 remedes
462 901 491 954 et
513 896 550 952 de
563 894 653 952 l’abus
674 895 760 970 qu’ou
782 915 817 954 01
842 900 911 976 peut
932 895 1009 955 saire.
1043 893 1121 952 Paris
1146 887 1237 952 1689.
1258 887 1290 953 4.

167 1013 211 1024 -—
231 980 419 1057 Suppldmens
443 999 479 1037 au
510 979 577 1038 livre
607 979 658 1038 des
686 979 771 1037 essais
793 981 830 1038 de
854 981 998 1038 mddecine
1024 998 1092 1036 avec
1120 980 1173 1037 'des
1198 995 1292 1035 corre-

169 1063 258 1122 ctions
280 1071 309 1122 et
334 1065 384 1121 des
408 1063 602 1121 observations
623 1065 791 1122 necessaires
805 1071 857 1123 etc.
894 1063 969 1122 Paris
993 1059 1083 1125 1691.
1102 1057 1132 1122 4.
1154 1095 1196 1106 -
1216 1059 1290 1118 Eti-

168 1151 208 1205 tio
229 1168 315 1206 noco:
346 1148 470 1206 Histoire
491 1147 712 1224 chronologiquc
738 1149 775 1207 de
802 1149 830 1206 la
851 1149 994 1206 mtdecine
1015 1155 1043 1206 et
1059 1149 1115 1223 ‚des
1139 1145 1292 1214 medecina,

169 1234 208 1290 eir
232 1232 251 1289 il
273 1239 315 1290 est
339 1233 421 1291 traite'
443 1233 480 1290 de
505 1231 647 1308 l’origine,
685 1233 723 1290 du
744 1233 863 1310 progres
891 1239 920 1292 et
944 1235 981 1290 de
1002 1238 1065 1291 tout
1088 1251 1119 1290 ce
1140 1232 1188 1306 qni
1210 1247 1291 1308 aper·

168 1315 240 1375 tient
261 1336 278 1374 a
300 1323 371 1375 cette
393 1318 510 1388 seleuce,
533 1318 572 1374 ‹ln
594 1317 692 1375 devoir
713 1322 765 1375 etc.
819 1317 897 1375 Paris
925 1311 1016 1378 1695.
1038 1311 1067 1380 4.
1111 1315 1211 1375 Editio
1237 1319 1291 1371 ter·

168 1404 226 1458 aa:
260 1401 337 1459 Paris
361 1395 450 1461 1717.
471 1394 589 1477 (1714.)
616 1396 645 1463 4.
689 1412 794 1481 (Multa
821 1413 947 1468 historica
971 1413 1101 1476 continet,
1137 1411 1184 1465 red
1201 1425 1291 1482 parum

169 1481 262 1534 critice
279 1489 458 1552 pertractata3
475 1481 508 1537 B.
527 1487 643 1534 mortuus
661 1491 701 1534 est
719 1499 745 1538 a.
767 1481 856 1550 1698.)

4 1549 6 1646 ζ
117 1551 181 1615 Ab.
205 1555 338 1630 Ziegra
373 1574 469 1633 progr.
506 1555 543 1612 de
575 1555 727 1614 medicinae
759 1556 866 1630 origine
898 1561 927 1615 et
961 1573 1121 1634 progressu.
1165 1549 1291 1627 Torgar.

4 1767 6 1782 .
91 1786 94 1790 ,
118 1634 268 1782 1111111110
281 1635 383 1782 61010
400 1722 549 1799 (Clericus)
567 1724 682 1782 histoire
693 1725 729 1782 de
743 1724 771 1782 la
782 1725 933 1784 me'decine.
957 1722 1075 1781 Genera
1090 1716 1182 1780 1696.
1197 1715 1237 1790 8.,
1254 1718 1291 1776 ib.

4 1797 5 1850 i
170 1803 265 1867 1699.
276 1804 316 1884 4.,
328 1801 622 1881 Amsterd.1702.4.;
634 1808 710 1866 Aact.
723 1815 748 1866 et
758 1809 914 1868 emendata:
925 1805 1065 1866 hmsterd.
1081 1800 1169 1864 1723.
1182 1799 1221 1875 4.,
1232 1821 1291 1860 που.

168 1895 214 1954 tit.
227 1893 244 1950 d
255 1893 281 1950 la
288 1893 370 1970 Haye
381 1887 472 1955 1729.
483 1887 513 1955 4.
529 1891 685 1970 C.figg.-
693 1893 775 1969 Aegl.
788 1912 845 1952 eum
854 1893 914 1956 Jac.
926 1891 1042 1950 Dralre
1052 1895 1184 1948 annotatt.
1196 1887 1290 1948 Lond.

168 1971 262 2034 1699.
277 1973 306 2036 8.
350 1988 498 2056 (Historiae
515 1989 657 2042 medicinae
679 1990 777 2042 veteris
792 2007 876 2059 usque
893 1989 927 2042 ad
949 1987 1044 2042 Gelani
1061 1993 1178 2108 tempora
1196 1982 1293 2064 diffusa

168 2057 294 2110 tractatio
314 2064 341 2110 et
356 2057 507 2110 cruditionis
524 2058 615 2126 plenae
647 2059 805 2112 recentiores
830 2059 890 2111 edd.
914 2058 1068 2112 addiderunt
1085 2074 1113 2109 sc
1132 2071 1187 2108 ema
1206 2059 1292 2104 contr·

167 2125 298 2178 unctionis
316 2143 397 2195 usque
415 2125 448 2178 ad
467 2127 581 2180 auctoris
598 2131 739 2195 tempora.)

119 2197 262 2275 Rudolph
284 2198 357 2260 Guil.
384 2199 520 2256 Cranse
552 2199 596 2256 dc
621 2198 825 2274 Mellingen
848 2218 945 2276 progr.
976 2199 1013 2258 de
1037 2197 1102 2256 latis
1130 2192 1292 2254 medicinae.

167 2282 230 2340 Jen.
258 2277 349 2342 1709.
371 2277 400 2340 4.
427 2317 468 2330 -
490 2283 612 2357 Ejusd.
635 2283 701 2341 diss.
725 2284 761 2341 de
783 2283 849 2341 fatis
871 2283 1033 2343 medicinae.
1055 2281 1143 2339 Jenae
1158 2271 1249 2337 1709.
1261 2270 1292 2334 4.

120 2366 230 2426 Bernh.
250 2364 402 2425 Albinus
425 2367 514 2424 oratio
537 2369 573 2424 de
598 2374 661 2424 ortu
681 2373 710 2426 et
730 2387 881 2446 progressu
906 2367 1068 2426 medicinae.
1111 2363 1212 2439 Lugd,
1228 2360 1291 2418 Bat.

168 2445 260 2514 1709.
286 2448 316 2512 4.
337 2483 380 2494 —-
402 2449 512 2528 Duplex
533 2451 614 2508 editio
636 2451 714 2522 hairu
735 2455 802 2509 cani
823 2458 848 2509 et
870 2451 922 2509 loci
949 2453 1058 2520 exarat,
1090 2469 1179 2527 pagg.
1204 2439 1246 2504 23
1267 2449 1292 2502 et

5 2593 6 2602 ,
164 2555 256 2613 pagg.
283 2531 334 2594 32.
379 2540 435 2608 (Dc
457 2540 572 2593 historia
593 2540 742 2593 medicinae
763 2557 849 2610 usque
870 2541 905 2593 ad
924 2538 1102 2604 Harraeum.)

5 2603 7 2700 ff
121 2619 247 2677 Godofr.
269 2618 460 2764 An7d.8Zahn
483 2621 550 2678 diss.
571 2621 607 2679 de
629 2621 746 2699 origine,
767 2639 918 2700 progressu
936 2627 966 2680 et
980 2619 1117 2696 dignitate
1129 2613 1290 2676 medicinae.

6 2753 8 2770 ,
169 2701 344 2764 Vesal.10
368 2749 375 2762 .
405 2700 453 2762 12.

6 2783 8 2864 ᾗ
119 2789 171 2848 10.
197 2789 284 2850 Conr.
310 2790 520 2848 Barchusen
544 2789 658 2847 historia
685 2790 838 2849 medicinae
865 2790 893 2847 in
915 2807 972 2864 qua
993 2789 1016 2845 si
1038 2807 1096 2845 non
1117 2784 1210 2843 omnia
1230 2781 1291 2860 ple-

6 2869 8 2904 ³
167 2892 256 2949 reque
271 2873 369 2931 saltem
390 2874 560 2932 medicorum
573 2875 725 2945 ratiocinia,
746 2877 891 2950 dogmata,
913 2873 1094 2950 hypotheses,
1120 2877 1212 2928 sectae
1227 2873 1290 2941 etc,

167 2975 242 3034 quae
266 2958 302 3015 ab
324 2959 438 3016 exordio
465 2957 618 3016 medicinae
642 2977 731 3034 usque
758 2960 795 3017 ad
820 2967 916 3017 nostra
941 2967 1067 3036 tempora
1094 2954 1290 3026 inclaruerunt,

166 3048 381 3120 pertractantur.
425 3040 541 3104 Amstel.
569 3037 658 3102 1710.
682 3037 711 3102 8,
748 3075 791 3086 -
821 3042 878 3104 Ea.
895 3043 981 3100 altere
1004 3044 1107 3099 auctior
1127 3040 1172 3097 aab
1198 3035 1290 3094 titrclo:

165 3126 212 3186 De
232 3127 386 3186 medicinae
410 3128 518 3202 origine
540 3131 568 3183 et
589 3146 740 3204 progressu
761 3127 893 3198 dissertt,
913 3127 940 3184 in
964 3127 1064 3202 quibus
1085 3125 1216 3182 medicor.
1246 3137 1290 3176 se-

165 3216 243 3287 ctae,
267 3212 469 3282 institutiones,
490 3212 613 3288 decreta,
636 3211 815 3289 hypotheses,
836 3213 1048 3290 praeceptiones
1074 3215 1128 3270 etc.
1154 3208 1191 3286 ab
1212 3204 1289 3290 initio

163 3297 318 3354 medicinae
348 3297 495 3372 usquead
517 3302 613 3352 nostra
641 3302 767 3374 tempora
794 3298 952 3354 traduntur.
996 3293 1120 3369 Trajecti
1139 3292 1177 3349 ad
1197 3289 1289 3348 Rhen.

164 3374 259 3439 1723.
291 3376 320 3438 4.
371 3391 459 3457 (Prior
477 3391 558 3444 editio
576 3391 695 3460 dialogos
714 3391 790 3457 XIX,
818 3392 949 3462 posterior
975 3391 1090 3446 dissertt.
1109 3387 1201 3441 xxv1
1226 3403 1289 3438 con-

8 3509 9 3516 ,
163 3459 238 3529 tinet,
258 3461 352 3528 quibus
371 3461 477 3528 adjecta
495 3471 537 3512 eut
548 3462 643 3512 *oratio
658 3463 690 3514 de
708 3461 846 3528 nepenthc,
865 3461 935 3530 qnod
953 3478 1000 3530 pro
1019 3459 1078 3530 opio
1093 3459 1188 3524 habet,
1224 3454 1290 3506 liber

8 3537 9 3575 l
163 3528 222 3598 ipse
239 3529 310 3582 circa
329 3537 472 3596 systemata
490 3528 590 3581 medica
609 3529 683 3582 unice
701 3537 847 3597 versatur.)
877 3563 879 3567 ψ

116 3601 207 3660 Mich.
233 3598 383 3660 Alberti
408 3621 504 3680 progr.
527 3603 563 3659 de
584 3602 648 3659 fatis
670 3603 796 3660 theoriae
813 3601 944 3660 medicae.
988 3599 1054 3665 Hal.
1075 3593 1167 3660 1711.
1188 3593 1221 3658 4.

9 3667 12 3818 Ι
119 3687 208 3744 Conr.
230 3686 248 3742 J
254 3686 428 3782 phrenius
449 3687 542 3783 theses
567 3687 605 3783 10
630 3687 782 3745 medicinae
802 3705 961 3764 progressu.
1004 3686 1068 3748 Jen.
1091 3679 1184 3747 1713.
1209 3677 1239 3740 4.

9 3819 10 3828 ,
119 3771 167 3828 Jo.
192 3769 298 3829 Gttheb
324 3769 389 3827 Ast
425 3770 543 3828 diatnbe
564 3770 720 3828 111110)-
735 3771 855 3829 literaria
888 3772 1019 3830 exhibens
1042 3771 1209 3829 succinctam
1230 3787 1288 3826 me-

165 3854 290 3912 dicorum
308 3856 467 3913 medicaeve
491 3855 622 3914 historiae
644 3855 864 3914 delineationem.
890 3854 968 3932 Lips.
982 3849 1073 3913 1715.
1084 3850 1113 3916 4.
1135 3865 1289 3932 (seminece

166 3942 304 3987 enarratur
322 3935 431 3988 historia
446 3935 499 4002 jam
518 3935 620 3987 aliunde
639 3937 844 4006 cognitamque
862 3936 896 3988 ad
915 3935 1030 3989 auctoris
1048 3936 1192 4004 tempora.)

10 4009 13 4142 Ι
118 4006 234 4069 Ludov,
256 4007 344 4065 Henr.
365 4007 530 4082 Rungius
552 4008 641 4065 oratio
666 4009 702 4066 de
724 4009 787 4066 fatis
813 4015 841 4066 et
866 4007 1079 4078 mutationibus,
1114 4008 1215 4082 quibus
1237 4007 1288 4064 ob-

163 4091 249 4150 noxia
275 4093 329 4150 fuit
350 4109 394 4148 ars
419 4093 528 4150 medica
549 4111 611 4150 cum
633 4093 747 4150 scientia
768 4093 898 4168 naturali,
919 4094 1028 4150 ratione
1044 4092 1189 4166 utriusque
1209 4099 1288 4149 ortus

163 4181 194 4234 et
214 4194 381 4252 progressus
402 4177 439 4233 ad
464 4176 629 4235 hodiernum
652 4195 740 4253 nsque
760 4178 867 4237 illarum
888 4184 1000 4236 statum.
1021 4176 1140 4235 Bremae
1153 4169 1242 4235 1716.
1257 4175 1287 4238 4.

166 4256 321 4320 (Generalia
338 4255 461 4323 exhibet.)

119 4325 212 4387 hndr.
234 4329 370 4388 Ottomar
394 4328 571 4387 Goeliche
591 4329 708 4388 historia
734 4331 887 4390 medicinae
912 4329 1087 4405 universalis,
1127 4346 1183 4403 qua
1216 4328 1287 4386 cele-

164 4413 288 4472 briorum
310 4432 541 4490 quoramcunque
562 4415 750 4487 medicorum,
782 4416 830 4492 qui
852 4435 869 4474 a
890 4416 983 4495 primis
1004 4415 1070 4472 artis
1092 4411 1230 4470 natalibus
1251 4413 1287 4469 11

162 4504 261 4558 nostra
296 4517 386 4576 usqne
414 4505 542 4578 tempora
562 4498 764 4573 inclaruerunt,
797 4500 887 4577 ritae,
919 4498 1045 4573 nomina,
1080 4498 1214 4572 dogmata
1235 4503 1286 4552 etc.
