2808 4872
136 265 178 330 14
566 269 723 331 Literatura
744 271 858 330 medica.

175 421 306 482 liedicin.
349 419 530 499 Kbnigsberg
555 417 646 484 1792.
671 418 700 483 8.
723 457 766 468 -
787 423 910 499 Ejusd.
936 423 1061 484 zosatze
1089 423 1148 484 und
1173 423 1300 485 1331333-

176 525 315 582 serungen
335 525 371 564 uu
400 508 490 566 331333
516 527 624 586 pragm.
646 506 702 568 Lit.
728 509 755 570 d.
780 508 857 570 Med.
878 508 1018 584 Kiinigsb.
1045 501 1136 568 1796.
1161 505 1191 573 8.
1225 523 1300 594 (Sa-

178 588 287 642 cnndum
308 586 501 641 Blnmenbacbii
522 588 737 643 introductionem
763 597 790 642 et
812 588 912 642 Halleri
936 588 1107 644 bibliothecas
1130 591 1302 662 compilatum

176 673 242 726 opus
257 656 304 709 vix
320 656 405 710 adbuc
423 656 532 724 alicujus
549 663 632 724 usus.)

132 727 320 788 lberreSue
341 729 437 788 33313
461 729 661 809 bibliograpbie
685 729 828 790 medicale.
871 728 949 788 Paris
971 725 1064 796 1796.
1090 726 1119 790 8.

133 813 172 876 D.
194 813 335 872 Villars
356 815 427 873 essai
448 815 486 874 de
506 815 662 874 litte'rature
687 815 832 877 medicale.
876 815 1051 892 Strasbourg
1072 809 1163 875 1811.
1186 810 1217 877 8.

132 899 179 960 13.
203 898 290 976 Bapt.
315 897 526 958 Monfalcon
551 901 642 978 precis
663 901 699 958 de
718 900 852 958 l'bistoire
876 900 961 959 dela
985 900 1130 959 medecina
1150 907 1179 958 et
1201 900 1237 960 de
1253 901 1300 959 bi-

175 982 349 1060 bliograpbie
372 983 522 1060 me'dicale,
553 989 706 1044 contenent
730 984 901 1044 l’indication
921 991 950 1043 et
970 983 998 1042 la
1025 983 1219 1044 classifioation
1244 986 1299 1045 des

176 1087 315 1144 ouvrages
352 1066 393 1126 les
427 1068 582 1147 meilleurs,
621 1069 647 1127 le
678 1069 741 1146 plus
777 1069 875 1141 utiles,
907 1069 934 1128 13
959 1067 1127 1146 description
1160 1070 1210 1126 des
1234 1071 1300 1129 edi-

175 1153 249 1210 tions
273 1170 351 1210 rares
379 1173 417 1210 ou
446 1154 484 1210 du
509 1154 572 1212 luxe
598 1159 627 1211 et
651 1155 703 1211 des
728 1154 947 1212 consideratione
971 1173 1019 1212 sur
1047 1153 1087 1212 les
1113 1154 1203 1226 scius,
1239 1173 1300 1232 que

174 1238 314 1296 demaude
334 1236 361 1294 la
384 1239 576 1296 conservation
609 1239 659 1296 des
692 1237 903 1313 bibliotheques.
957 1235 1034 1296 Paris
1060 1233 1153 1297 1826.
1179 1233 1228 1296 18.
1253 1271 1301 1284 ·-

174 1319 232 1379 Ed.
247 1321 350 1378 alteru:
374 1320 467 1380 Precis
492 1324 529 1381 de
549 1323 752 1401 bibliographie
772 1324 923 1399 medicale,
952 1327 1103 1381 contenant
1124 1323 1301 1382 l’iudication

174 1412 203 1466 et
224 1405 252 1464 13
275 1405 470 1464 elassifioation
492 1409 541 1466 des
564 1427 701 1484 ouvrages
725 1408 765 1466 les
789 1407 935 1480 meilleurs‚
958 1407 985 1465 13
1005 1408 1068 1485 plus
1090 1407 1182 1477 utiles,
1206 1409 1300 1466 lade-

172 1491 308 1569 scription
333 1492 383 1549 des
408 1491 490 1550 liures
516 1494 553 1551 de
582 1493 646 1551 1333
673 1499 702 1550 31
730 1494 779 1550 133
807 1493 927 1550 31111333
947 1510 1040 1568 rares,
1079 1499 1109 1550 et
1131 1494 1181 1550 des
1204 1491 1300 1552 tables

173 1596 247 1656 pour
276 1576 363 1634 servir
396 1577 415 1634 13
444 1575 578 1635 l'bistoire
605 1578 642 1634 de
666 1576 693 1633 la
713 1578 864 1636 medecina.
908 1571 1099 1641 Ρ33131817.
1125 1572 1175 1636 18.
1219 1589 1295 1655 (cfr,

175 1659 288 1729 Allgem.
310 1657 402 1713 medic.
419 1659 519 1714 Anncl.
538 1657 614 1713 1817.
637 1657 665 1713 S.
685 1655 775 1720 1619.)

409 1775 490 1872 Β.
533 1775 735 1872 Labra
759 1775 1014 1872 mediat.

131 1927 273 1988 Pascbalis
295 1928 425 1988 Gallus
446 1929 613 1989 bibliotheca
638 1932 745 1990 medica
773 1932 831 1990 3133
856 1931 1001 2007 catalogus
1026 1927 1151 2006 illorum,
1184 1932 1232 2006 qni
1260 1951 1301 1991 ex

173 2014 301 2092 professo
322 2019 410 2073 artem
431 2016 565 2073 medicam
587 2017 615 2073 in
632 2014 707 2074 hunc
726 2035 817 2091 usque
847 2035 948 2074 annum
975 2014 1084 2092 scriptis
1109 2015 1299 2091 illustrarunt,

173 2117 274 2175 nempe
298 2098 367 2173 quid
391 2101 566 2178 scripserint,
603 2100 667 2176 ubi,
701 2119 758 2176 qua
782 2101 888 2172 forma,
923 2118 1015 2174 quove
1036 2105 1164 2178 tempore
1190 2103 1301 2180 scripta

96 2249 98 2252 ι
174 2199 276 2240 excusa
300 2187 350 2240 aut
373 2185 561 2261 manuscripta
584 2183 749 2245 habeantur.
791 2183 877 2246 Basil.
904 2179 994 2245 1590.
1023 2178 1054 2242 8.

130 2265 216 2325 lsrael
238 2267 259 2323 S
266 2267 350 2343 pach
373 2269 565 2326 nomenclator
589 2269 752 2347 scriptorum
774 2269 962 2347 medicorum,
983 2269 1010 2326 h.
1036 2287 1060 2330 3.
1086 2267 1216 2327 elenchus
1244 2287 1299 2327 eo-

172 2369 245 2423 rum,
274 2351 321 2425 qui
350 2358 437 2411 artem
462 2354 597 2413 medicam
618 2355 675 2410 3313
700 2354 809 2431 scriptis
831 2353 1013 2430 illustrarunt,
1038 2353 1191 2412 secundum
1214 2353 1299 2412 locos
1385 2407 1386 2412 ,

173 2453 332 2494 communes
356 2435 442 2514 ipsius
466 2439 628 2498 medicinae.
671 2437 801 2496 Francos.
826 2432 919 2495 1591.
945 2432 974 2502 8.

131 2517 175 2578 lo.
201 2519 300 2596 Georg
321 2520 461 2581 Schenlr
488 2521 572 2580 biblia
603 2521 704 2597 jatrica
728 2542 751 2583 3.
783 2522 951 2581 bibliotheca
984 2521 1100 2582 medica.
1161 2519 1296 2580 Francos.

174 2597 266 2664 1609.
289 2599 320 2662 8.
365 2611 485 2680 (Ordine
505 2611 703 2682 alphabetico.)

130 2687 176 2747 Jo.
197 2689 355 2748 Antonides
376 2712 444 2751 333
470 2693 529 2751 133
551 2691 693 2750 Linden
719 2692 756 2750 de
780 2691 888 2769 scriptis
913 2689 1027 2748 medicis
1048 2688 1110 2746 libri
1132 2689 1198 2746 duo.
1221 2687 1296 2756 Qui-

173 2771 226 2830 bns
250 2775 436 2849 praemittitur
456 2776 636 2835 manuductio
658 2777 697 2834 ad
720 2776 894 2834 medicinam.
948 2771 1103 2835 Amstelod.
1136 2767 1228 2836 1637.
1261 2769 1301 2832 8.·

172 2853 318 2915 1111113333
341 2869 449 2920 auctus:
473 2859 588 2919 Amstel.
610 2855 703 2922 1651.
725 2853 1007 2935 8.,11311.1661.8.
1031 2861 1197 2929 (Secundum
1211 2879 1295 2931 prae-

172 2946 306 3000 nominum
316 2950 435 3002 ordinem
452 2949 663 3017 alphabeticum
685 2947 855 3000 manuductio
878 2947 957 2998 deest
976 2945 1005 2998 in
1027 2947 1145 2999 secunda
1161 2952 1190 2999 et
1208 2946 1296 3001 tertia
1384 2985 1385 2988 ¹

173 3031 319 3097 editione.)
350 3062 393 3072 —
427 3027 526 3086 Editio
554 3028 696 3105 postbrunn
728 3027 870 3085 admodum
902 3032 998 3084 aucta:
1043 3027 1151 3102 Georg.
1185 3024 1294 3090 Abrah,

172 3107 349 3169 Merclrlin
384 3111 536 3170 Lindenius
560 3117 719 3170 renovatus.
773 3109 898 3170 Norimb.
925 3105 1018 3169 1686.
1045 3105 1091 3188 4.,
1125 3111 1298 3168 3333131133
1382 3135 1384 3174 t

172 3213 260 3252 333333
283 3196 442 3258 3311113133
467 3194 563 3258 (31.1.
588 3195 764 3256 Mercklin
786 3212 923 3273 cynosura
948 3195 1057 3252 medica
1080 3194 1139 3252 3133
1162 3195 1198 3252 13
1226 3197 1295 3253 3331-
1382 3211 1384 3230 ⁴

172 3279 228 3357 ptis
249 3280 362 3338 medicis
382 3281 452 3339 liber
476 3283 631 3354 secundus,
664 3273 902 3358 comprehendens
927 3280 1046 3337 indicem
1067 3297 1159 3337 rerum
1180 3283 1209 3336 et
1233 3299 1295 3338 ma-

171 3364 303 3422 teriarum
327 3367 402 3424 med.
423 3370 479 3424 313.
522 3365 649 3427 Norimb.
676 3361 767 3424 1686.
789 3361 818 3424 4.
853 3374 1293 3442 (Η333Μ3331113133331111331-
1381 3393 1383 3402 ⁴

174 3445 274 3498 modum
291 3445 422 3500 laudabile
439 3463 505 3516 opus
521 3446 591 3501 sistit
608 3453 636 3500 et
652 3445 730 3500 hodie
745 3446 830 3499 adhuc
848 3461 961 3498 summae
978 3443 1122 3512 3111113113.)
1381 3455 1383 3498 ὲ

131 3514 243 3575 Cornel.
278 3536 296 3575 a
326 3519 508 3596 Bengbem
540 3518 744 3596 bibliograpbia
775 3519 884 3577 medica
909 3523 937 3576 et
968 3517 1093 3593 physica.
1136 3512 1294 3580 Amstelod.
1381 3507 1383 3566 l

174 3595 265 3660 1681.
288 3595 339 3663 12.
373 3609 487 3676 (Libros
501 3608 624 3660 continet
636 3609 700 3660 inde
714 3609 748 3660 ab
766 3625 791 3660 3.
808 3608 885 3674 1651,
903 3621 996 3674 parum
1006 3604 1093 3656 laudis
1105 3603 1158 3657 sibi
1169 3606 1294 3673 meruit.)

130 3682 214 3747 Mart.
239 3683 413 3762 Lipenius
436 3687 604 3746 bibliotheca
624 3688 706 3746 realis
728 3688 836 3745 medica
858 3686 980 3742 omnium
1003 3683 1180 3743 materiarum
1200 3705 1294 3744 rerum

172 3774 202 3827 et
222 3769 364 3829 titulorum
384 3773 412 3830 in
435 3772 565 3831 universa
588 3771 725 3829 medicina
752 3769 957 3839 occurentium,
994 3768 1093 3827 ordine
1116 3769 1293 3848 alphabetico

172 3854 315 3930 disposita.
357 3855 488 3914 Francos.
515 3876 540 3918 a.
561 3854 600 3918 M.
633 3851 724 3914 1679.
755 3855 775 3912 f.
830 3866 906 3934 (Non
924 3865 1005 3920 solnm
1023 3866 1056 3920 ds
1073 3865 1215 3931 medicina,
1245 3867 1293 3920 sed

173 3932 252 3987 etium
269 3934 303 3988 ds
319 3934 467 4005 theologica
485 3941 511 3990 et
526 3937 640 4005 juridica
657 3942 685 3989 et
699 3935 876 4005 philosophica
894 3935 1031 4006 disciplina
1042 3934 1137 3988 similes
1147 3935 1293 4003 composuit

174 4003 317 4070 catalogos,
336 4021 425 4072 parum
442 4006 504 4058 fidei
522 4006 656 4071 babentes,
675 4006 725 4059 cir.
743 4006 827 4058 111331
845 4006 968 4076 bibliogr.
987 4005 1079 4061 1333113.
1096 4003 1133 4060 N.
1153 4003 1258 4073 mota.)

129 4072 167 4136 Η.
188 4073 307 4133 Lohalm
328 4074 448 4154 Meyer
473 4078 676 4156 bibliographia
700 4077 949 4156 physico-medica,
976 4079 1027 4136 das
1047 4078 1099 4134 ist:
1128 4075 1293 4136 historische

172 4155 362 4238 Abhaudlnng
375 4165 456 4221 derer
472 4165 668 4222 vomebmsten
681 4163 903 4240 physicalischen
923 4164 983 4220 und
1002 4161 1215 4219 medicinischen
1232 4161 1293 4218 Bu-

172 4243 249 4320 cber,
270 4245 373 4304 welche
386 4267 442 4306 von
463 4248 571 4308 3331133
591 4248 692 4306 Ζ31133
712 4247 764 4306 her
784 4249 825 4306 bis
838 4248 892 4305 auf
902 4265 954 4304 uns
969 4245 1149 4321 gesebrieben
1165 4245 1228 4302 sind
1239 4250 1292 4307 etc.

171 4323 326 4405 Limeburg
348 4326 439 4395 1704.
465 4327 514 4394 12.
558 4344 670 4414 (Ordine
692 4345 879 4416 systematico,
914 4341 1041 4398 interdum
1058 4339 1148 4398 brevia
1166 4343 1199 4397 de
1219 4340 1292 4395 libris

169 4405 269 4474 judicio.
285 4408 461 4482 adjiciuntur.)
