2766 4878
92 295 155 362 lto
599 293 758 358 Anatomia.

92 453 200 534 Joseph
221 449 359 510 Grandi
381 449 472 510 oratio
498 465 555 526 qun
583 447 684 510 italam
708 454 862 510 anatomea
891 448 1007 511 nammis
1033 447 1274 530 praestantiorem

134 557 196 598 esse
217 535 349 596 ostendit.
392 535 491 594 Venet
516 527 606 594 1706.

94 624 139 682 Jo.
167 620 256 681 Andr.
288 620 436 679 Schmid
467 620 557 678 oratio
593 618 631 677 de
660 617 867 679 Germanorum
898 619 927 678 in
952 617 1122 678 anatomiam
1151 615 1274 688 maritis,

136 727 193 784 qua
217 706 330 786 potiora
355 705 507 764 eorundem
529 704 641 762 inventa
662 711 842 764 recensentur
864 711 894 764 et
914 705 1049 763 nonnulla
1066 703 1170 762 exteris
1188 700 1274 759 attri-

137 793 206 851 hntn
227 791 330 850 nostris
355 787 563 866 protectoribus
583 787 768 850 vindicantur.
812 789 933 852 Helmst.
957 785 1048 852 1793.
1070 786 1099 847 4.

95 873 210 955 Adelph
235 875 320 934 With.
342 875 433 932 Otto
459 873 551 950 einige
571 873 786 950 geschichtliche
802 873 1018 951 Erinnernngen
1033 893 1069 932 an
1087 873 1139 931 das
1155 869 1274 929 fnihere

137 959 328 1021 anatomisehe
351 959 483 1017 Studium
501 959 531 1016 in
551 958 712 1037 Schlesien,
737 959 820 1018 nehst
850 960 1062 1035 Beschreibnng
1088 957 1148 1016 und
1169 953 1274 1012 Abbii-

138 1047 223 1190 (ἓξὲξ
242 1046 293 1104 des
315 1044 441 1120 jetnigen
465 1041 581 1120 Kbnigl.
602 1039 919 1104 tuatonis-tostino.
946 1044 1121 1122 Programm.
1150 1039 1274 1101 Breslan

346 1277 394 1374 t.
454 1274 687 1398 mnata
727 1278 1013 1400 aaronica.

97 1448 142 1510 Jo.
170 1445 236 1510 Chr.
263 1445 297 1508 F.
320 1445 450 1506 Harles
476 1447 656 1525 neurologiae
676 1449 837 1527 primordia.
859 1448 975 1524 Erlang.
998 1439 1090 1506 1795.
1112 1439 1142 1504 8.

99 1565 196 1578 --
220 1531 335 1675 hisptprga
349 1532 547 1673 gnomologiae
569 1541 694 1593 veterum
709 1535 867 1612 speciminis
886 1533 1001 1592 secundi
1020 1549 1085 1611 pars
1100 1529 1188 1610 prior.
1216 1527 1276 1587 Er·

140 1618 215 1692 lang.
239 1613 256 1674 l
323 1661 331 1678 .
371 1661 378 1674 .

98 1735 140 1748 -
163 1733 206 1744 -
231 1699 357 1758 Versnch
378 1701 454 1759 einer
473 1701 679 1779 roilstindigen
699 1701 866 1762 Gescbichte
888 1701 940 1760 der
960 1699 1047 1760 Hirn·
1064 1699 1123 1758 und
1140 1695 1276 1757 Nerien-

142 1786 219 1845 1ebre
239 1785 277 1842 im
299 1783 483 1846 Alterthume.
508 1781 537 1850 l.
561 1787 653 1850 Tbeil.
686 1787 802 1865 Eriang.
829 1781 922 1849 1801.
944 1781 975 1846 8.
1008 1791 1117 1860 (Usque
1142 1789 1178 1842 ad
1201 1787 1275 1840 Pra-

140 1883 257 1935 xagorae
275 1875 409 1936 tempora3
427 1867 464 1918 nii
481 1867 590 1937 amplius
607 1867 728 1938 prodiit.)

98 1939 328 2014 Raeiborsky
356 1939 470 1997 histoire
496 1941 547 1998 des
575 1941 759 1999 ddeouvertes
784 1939 913 1998 relatives
940 1959 977 1998 an
1003 1938 1125 2016 systema
1151 1936 1273 1995 reinenx

141 2023 274 2098 envisoge
299 2041 366 2080 sous
386 2022 413 2081 le
433 2031 550 2102 rapport
579 2027 773 2102 anatomiqne,
803 2022 1019 2102 physiologique
1041 2029 1070 2081 et
1096 2022 1273 2100 therapeuti-

141 2127 207 2185 qne‚
229 2107 328 2184 depuis
349 2106 500 2184 Morgagni
517 2109 613 2186 jusqn'
639 2111 657 2169 a
681 2129 733 2168 nos
756 2110 844 2185 jours.
876 2107 955 2167 Paris
978 2102 1070 2168 1841.
1099 2103 1131 2169 4.

99 2193 176 2252 Sam.
197 2191 301 2254 Thom.
326 2193 572 2270 Shmmerring
600 2195 637 2253 de
661 2196 766 2254 morbis
797 2211 929 2252 vasornm
957 2192 1167 2251 absorbentinm
1190 2209 1271 2269 corp.

140 2278 227 2354 hum,
248 2277 356 2334 accedit
382 2276 471 2337 lodex
492 2281 658 2358 scriptorum
687 2283 724 2339 de
750 2285 901 2356 systemate
928 2278 1105 2336 absorbente.
1136 2275 1273 2336 Francos.

140 2381 165 2420 a.
187 2361 227 2424 M.
254 2355 344 2424 1795,
367 2355 397 2419 8.

98 2448 186 2508 Henr.
205 2447 271 2508 Car.
292 2445 427 2503 Becher
453 2447 597 2506 doctrinae
624 2448 662 2506 de
691 2447 765 2504 vasis
797 2445 936 2524 chyliieris
961 2452 991 2506 et
1014 2445 1190 2526 lymphaticis
1212 2443 1272 2522 pri-
1380 2421 1382 2470 ³

140 2531 257 2592 mordis.
283 2530 347 2588 Hal.
375 2524 467 2595 1797.
489 2526 519 2596 8,
542 2536 705 2605 (Historiam
724 2535 897 2590 inventorum
918 2536 1041 2588 eontinet
1063 2551 1148 2606 nsque
1163 2534 1199 2586 ad
1211 2532 1272 2585 Bil-
1380 2563 1382 2638 p

141 2613 205 2664 sium
224 2619 252 2664 et
267 2609 458 2679 Dansingium.)
1381 2641 1382 2644 =

98 2685 166 2745 Chr.
195 2684 273 2747 Frid.
295 2682 449 2759 Ludwig
470 2683 608 2744 catalecta
636 2684 768 2743 litteraria
795 2683 877 2762 phys.
905 2689 935 2742 et
963 2685 1037 2744 med.
1062 2683 1084 2747 1.
1109 2681 1272 2759 Bibliogra-
1379 2729 1381 2758 ,

139 2769 205 2848 phin
226 2787 356 2826 vasorum
378 2767 618 2846 lymphaticornm.
653 2767 731 2848 Lips.
759 2763 851 2833 1806.
873 2765 904 2828 4.
1379 2827 1381 2852 2

97 2854 142 2912 Jo.
164 2852 286 2930 Adoiph.
309 2852 497 2910 Schubert
519 2853 634 2912 historia
658 2855 815 2912 anatomica
838 2853 997 2932 systematis
1016 2851 1190 2911 absorbentis
1206 2869 1272 2910 cor·
1380 2853 1381 2898 ἶ

140 2939 215 3016 poris
237 2937 359 3012 humani,
378 2937 445 2995 diss.
467 2937 562 3014 inaug.
583 2931 665 3016 Lips.
691 2935 784 2998 1821.
805 2935 836 3003 4.
868 2947 997 3018 (Historia
1016 2948 1171 3004 detentionis
1181 2954 1209 3002 ot
1221 2965 1271 3002 ae-

142 3016 281 3072 curatioris
312 3015 468 3084 cognitionis
488 3035 577 3078 vasor.
602 3017 820 3090 lymphatioornm
842 3023 876 3075 nh
895 3019 1009 3090 antiquis
1026 3017 1162 3090 temporib.
1186 3035 1271 3088 usqne
1380 3001 1381 3044 3

141 3088 177 3141 ad
193 3085 393 3153 recentissima.)

224 3277 284 3377 g.
341 3256 681 3356 anatome·
711 3259 1145 3382 potnoooptco.

100 3427 195 3488 Frerre
219 3427 320 3504 Franp.
348 3427 420 3486 otio.
451 3428 570 3506 Rayer
591 3427 715 3508 (Boyer)
739 3431 886 3491 sommaire
906 3431 991 3491 d'nne
1011 3431 1127 3490 histoire
1147 3426 1273 3504 abregte

144 3515 181 3571 de
202 3512 362 3570 i’anatornie
382 3513 592 3590 pathologiqne.
618 3515 696 3573 Paris
720 3511 810 3578 1818.
832 3511 862 3575 8.

102 3597 128 3657 J.
151 3597 224 3672 Eug.
247 3591 471 3655 Dezeimeris
493 3601 676 3676 apperpudes
698 3601 895 3658 desconvertes
911 3599 1039 3659 saitesen
1061 3597 1201 3657 anatomie
1218 3614 1273 3675 pa-

145 3679 312 3757 thoiogiqne
335 3681 438 3739 durant
464 3680 504 3739 les
530 3688 621 3740 trente
646 3685 749 3743 anates
780 3685 829 3761 qni
855 3685 987 3744 viennent
1015 3685 1052 3743 de
1072 3681 1218 3754 s'dconler,
1243 3688 1274 3740 et

147 3767 185 3825 de
209 3766 365 3824 i'intinenee
393 3767 429 3825 de
458 3779 503 3824 oes
521 3774 638 3824 navanx
666 3787 714 3826 snr
740 3768 781 3828 les
809 3773 930 3848 progres
961 3771 998 3828 de
1019 3770 1047 3828 la
1075 3768 1273 3827 connaissance

147 3858 177 3910 et
211 3846 250 3908 du
286 3849 445 3909 imitameni
477 3851 528 3910 des
562 3851 706 3916 maledics.
759 3853 837 3913 Paris
865 3850 956 3915 1830.
989 3850 1019 3918 8.
1067 3863 1272 3934 (commentatio

147 3948 217 4056 pppp
228 3930 351 4056 seorrlrpdap)
361 3930 475 4070 praemio
492 3939 583 3988 ornata
600 3931 666 4000 tuitr
684 3933 745 3988 vids
762 3934 840 3990 etiam
861 3937 990 3991 Arabissos
1004 3937 1142 4008 generales
1160 3933 1274 3988 aanor.

406 4171 469 4266 h.
526 4171 968 4273 Potosrwtoro.

108 4337 183 4405 Patr.
205 4340 396 4400 Bellonins
424 4341 462 4400 de
484 4343 639 4403 admirabili
664 4365 779 4424 opernm
804 4348 984 4424 antiquorum
1008 4351 1038 4406 et
1064 4361 1156 4403 rernm
1183 4344 1274 4422 suspi-

150 4426 308 4486 ciendarum
334 4427 505 4505 praestantia
526 4427 596 4488 liber
615 4429 638 4488 1.
657 4429 703 4490 De
720 4432 860 4492 medicato
883 4433 981 4492 funere
1005 4449 1028 4490 s.
1053 4430 1191 4490 cadavere
1207 4449 1276 4489 con-

33 4639 122 4664 Α
