2808 4872
649 307 781 373 Galenus.
1259 313 1302 376 49

119 463 151 524 J.
182 461 368 524 Hermann
388 481 485 543 progr.
506 463 544 522 ad
566 461 722 521 orationem
743 459 932 537 inauguralem
953 462 982 525 J.
996 461 1031 526 F.
1057 463 1217 528 Ehrmenni.
1244 469 1299 529 Ar-

171 555 251 626 geul.
279 544 370 610 1782.
393 550 413 608 f.
472 551 619 624 (Continet
633 551 846 622 descriptionem
860 551 990 606 editionis
1005 553 1106 608 latinae
1118 557 1215 611 Galeni
1231 577 1295 632 opp.

122 627 401 764 Villiglsllellllel
409 629 457 759 101
481 700 608 760 l’edition
632 719 754 778 grecque
779 706 808 758 et
829 700 915 760 latine
939 702 990 760 des
1012 722 1129 764 oeuvres
1156 708 1296 788 d'Hippo-

172 795 253 846 crate
276 795 306 846 et
327 788 363 845 de
385 787 501 844 Galene.
534 785 613 843 Paris
639 780 731 844 1776.
756 780 786 846 4.
831 779 1002 867 (Editionem
1017 793 1222 850 Charterianam
1237 819 1296 852 car·
1372 841 1375 848 .

173 869 341 1004 pietcpneeptat
363 867 443 922 etiam
467 865 493 918 in
521 865 620 920 Goulin
636 865 770 920 memoires
788 883 855 937 pour
871 868 956 921 servir
973 870 990 921 h
1007 868 1132 926 l'histoire
1148 875 1180 926 de
1199 874 1224 929 la
1241 882 1296 931 me·

123 1009 199 1073 Chr.
223 1010 342 1070 Godofr.
364 1007 509 1066 Gruuer
538 1027 634 1086 progr.
656 1008 800 1066 continens
826 1008 965 1086 specimen
985 1013 1186 1074 correctionum
1209 1017 1297 1078 Gale·

172 1096 299 1154 niearum
320 1093 356 1151 ab
377 1093 504 1172 Casparo
527 1095 690 1154 Holmanno
712 1093 777 1150 olim
799 1094 1026 1170 conscriptarum.
1069 1096 1130 1156 Jeu.
1153 1095 1246 1162 1776.
1266 1106 1296 1164 4.

176 1176 275 1246 (Casp.
293 1175 328 1228 H.
346 1174 420 1229 Prol.
437 1173 596 1238 tibertinus,
623 1173 830 1226 commentarium
848 1174 875 1226 in
893 1172 989 1226 Galeni
1006 1177 1086 1230 libros
1104 1181 1246 1250 scripserat
1262 1185 1298 1240 26

178 1243 247 1298 Voll.
257 1243 438 1307 continentem,
457 1243 502 1312 qui
511 1259 557 1299 ms.
567 1244 593 1294 in
605 1241 787 1296 bibliothecam
798 1243 941 1306 Thomasii‚
955 1261 1023 1312 quae
1032 1245 1220 1319 Norimbergae
1229 1263 1296 1320 erat,

175 1313 239 1365 dein
263 1329 326 1365 vero
352 1313 497 1365 bondinum
524 1312 551 1363 in
569 1312 631 1365 bibl.
649 1312 822 1363 Aslrevianam
841 1315 976 1380 pervenit,
1016 1315 1062 1367 sed
1081 1333 1208 1387 nunquam
1226 1324 1297 1392 typis

175 1399 289 1435 excusus
313 1392 362 1435 est.
408 1381 484 1434 Aliud
502 1399 565 1434 vero
585 1381 695 1450 Cespari
712 1381 747 1435 l·L
766 1397 831 1448 opus
848 1398 896 1436 ms.
916 1382 1049 1437 continens
1066 1389 1256 1444 emendationes
1271 1392 1298 1446 in

175 1451 274 1503 Galeni
292 1450 428 1503 editionem
443 1449 524 1504 Basil.
545 1448 625 1518 1538,
662 1467 727 1518 quas
750 1449 810 1502 inde
828 1451 863 1502 ab
882 1467 948 1502 anno
970 1451 1036 1506 1619
1053 1470 1135 1523 usque
1153 1459 1187 1511 ad
1205 1476 1298 1514 annum

176 1519 247 1572 1622
265 1522 471 1588 conscripserat,
494 1519 521 1570 in
540 1519 655 1570 Grnneri
673 1519 853 1571 bibliothecam
871 1521 1004 1587 pervenit,
1035 1524 1081 1591 qui
1098 1524 1148 1577 hoc
1164 1544 1298 1598 program-

174 1597 248 1642 mate
262 1588 391 1658 specimen
409 1587 477 1640 illius
494 1586 614 1652 exbibet3
633 1587 681 1642 cir.
701 1588 776 1640 Mun·
792 1586 900 1640 Journal
918 1589 965 1644 IV,
985 1589 1019 1644 70
1036 1593 1086 1660 sq.)

125 1678 202 1738 Car.
235 1677 300 1735 Glo.
326 1677 428 1734 Kiihn
459 1697 554 1754 progr.
586 1678 659 1735 inest
691 1677 829 1754 specimen
864 1681 1123 1738 commentariorum
1149 1683 1247 1744 Galeni
1271 1688 1300 1748 iu

175 1763 360 1840 Hippocratis
381 1762 479 1820 librum
501 1763 537 1820 de
560 1761 733 1834 humoribus,
758 1763 884 1820 noudum
906 1783 1007 1838 graece
1032 1765 1178 1826 editorum.
1221 1769 1300 1850 Lips.

180 1843 273 1906 1819.
295 1845 325 1905 4.
379 1851 551 1916 (Secundum
566 1851 626 1902 cod.
644 1868 692 1903 ms.
708 1851 797 1903 Paris.
812 1851 960 1921 Darmarii‚
985 1853 1041 1906 vid.
1059 1856 1156 1908 Galen.
1173 1877 1238 1930 opp.
1253 1863 1299 1916 ed.

177 1929 268 1995 uem,
285 1928 361 1982 rom.
378 1926 451 1982 xvr.
469 1946 495 1997 p.
514 1926 637 1995 1-488.)

1 1981 2 2048 l
126 2034 177 2046 -
213 2035 256 2047 -
287 2021 383 2079 progr.
408 2001 481 2059 inest
511 2002 697 2076 fragmentum
719 2019 874 2078 synopseos
905 2001 1006 2060 Galeni
1030 2003 1162 2064 librorum
1189 2027 1303 2070 suorum

178 2086 248 2145 XVl
270 2087 306 2145 de
330 2086 465 2164 pulsibus,
490 2104 590 2160 graece
610 2086 737 2142 noudum
758 2087 858 2144 editae.
887 2083 1074 2164 11011824.
1096 2086 1125 2147 4.
1171 2099 1302 2162 (Secund.

179 2167 469 2303 ω..οἑ1ἒ1101164ξ1)1111
486 2167 588 2232 flavos
624 2165 725 2237 plenius
748 2166 775 2218 in
793 2166 889 2220 Galoni
908 2185 967 2238 opp.
989 2169 1030 2223 ed.
1054 2170 1140 2238 Kato,
1160 2173 1236 2229 Tom.
1255 2176 1304 2235 IX.

181 2251 244 2305 pag.
313 2267 345 2278 -
400 2277 407 2290 .

133 2309 335 2387 symphorian.
358 2307 568 2386 Camperius
598 2307 795 2384 (Campegius,
818 2308 980 2387 Champier)
1002 2311 1145 2388 specrdum
1167 2315 1226 2374 sive
1246 2319 1305 2396 epi-

181 2399 259 2452 tome
284 2392 384 2451 Galeui
409 2411 431 2456 s.
454 2391 578 2450 Galenus
603 2392 788 2456 abbreviatus.
822 2392 917 2469 Lugd.
942 2391 1033 2457 1516.
1055 2392 1096 2470 8.,
1117 2399 1155 2457 ib.
1172 2395 1262 2460 1517.
1274 2399 1304 2462 8.

135 2476 231 2538 Andr.
252 2476 397 2536 Lacuna
419 2478 540 2556 epitome
562 2477 662 2535 Galeni
686 2496 809 2554 operum.
852 2479 936 2536 Basil.
963 2476 1050 2538 1561.
1073 2483 1092 2544 i.
1116 2489 1141 2540 et
1165 2489 1280 2562 saepius.

136 2598 181 2610 -
204 2563 390 2641 ——epitome
411 2563 532 2620 omnium
557 2581 648 2620 rerum
670 2569 699 2620 et
725 2562 938 2642 sententiarum,
978 2583 1051 2639 quae
1078 2573 1178 2625 notatu
1204 2571 1307 2646 dignae

182 2650 211 2706 in
232 2647 435 2707 commentariis
457 2647 558 2704 Galeui
580 2647 608 2704 iu
629 2646 832 2725 Hippocratem
854 2655 958 2710 extant.
1002 2649 1103 2712 Venet.
1128 2648 1217 2711 1541.
1243 2651 1274 2716 8.
1342 2707 1345 2712 .

134 2749 241 2810 Franc.
256 2749 458 2808 Valleriola
482 2748 536 2806 loci
557 2747 733 2807 medicinales
754 2768 921 2806 communes.
944 2748 1043 2806 Venet.
1057 2745 1148 2810 1563.
1161 2748 1190 2812 8.
1212 2754 1306 2834 Lugd.

186 2830 330 2895 158118.
375 2833 480 2892 Genev.
508 2828 598 2891 1604.
621 2829 650 2892 8.
695 2837 794 2904 (Index
809 2853 897 2889 rerum
912 2837 940 2889 in
955 2838 1053 2890 Galeni
1068 2842 1147 2909 opp.)

5 2947 8 2990 ι,
134 2919 238 2996 Aloys.
262 2918 451 2977 Mundella
475 2918 615 2976 theatrum
641 2917 741 2976 Galeni
762 2919 790 2976 h.
812 2937 835 2976 e.
859 2918 1004 2976 universae
1028 2921 1181 2981 medicinae
1203 2943 1220 2982 1
1248 2927 1308 2984 Ga-

181 3005 248 3063 leno
270 3004 373 3074 diffusa
392 3003 706 3082 sparsimquetraditae
729 3004 938 3081 promtuarium.
973 3004 1057 3062 Basil.
1075 3000 1167 3066 1568.
1188 3010 1219 3084 f.,
1250 3011 1308 3070 Co-

7 3139 9 3162 .
181 3090 240 3147 lon.
263 3083 393 3148 1578.f.
923 3128 926 3132 -

7 3167 9 3192 ²
135 3173 219 3236 Guil.
241 3172 432 3230 Ballonius
454 3172 597 3249 (Baillou)
619 3171 812 3230 definitionum
835 3173 1003 3232 medicatum
1025 3174 1094 3234 liber
1114 3176 1143 3233 in
1165 3173 1309 3259 quo‘ffip-

181 3258 305 3338 pocratis
331 3265 360 3316 et
386 3256 487 3315 Galeni
519 3257 638 3316 obscura
666 3256 729 3314 loca
758 3256 938 3334 exphcantur.
994 3258 1081 3317 Paris.
1107 3256 1200 3324 1640.
1222 3259 1251 3322 4.
1280 3272 1310 3324 01

181 3345 213 3401 in
236 3343 263 3400 Ο
306 3385 313 3399 .
1246 3349 1254 3366 “

10 3405 12 3426 .
135 3429 216 3490 Geo.
242 3362 320 3486 Flilll.
344 3426 508 3502 Sigwart
529 3423 618 3502 (resp.
640 3425 714 3482 Guil.
740 3424 818 3484 Frid.
840 3423 941 3503 liger)
965 3425 1123 3502 fragmenta
1150 3430 1309 3506 dynamices

182 3511 561 3590 Hippocrates-Galeotae„
583 3511 687 3588 sparsis
712 3511 898 3569 monumentis
919 3511 1069 3572 memoriae
1091 3515 1212 3590 prodita.
1248 3518 1310 3576 Tu·

183 3599 261 3672 bing.
288 3591 380 3655 1759.
405 3591 436 3657 4.
462 3629 505 3638 -
530 3595 627 3658 Reos.
660 3599 689 3654 r'n
719 3595 874 3672 Baldinger
904 3595 1008 3654 selecta
1039 3616 1135 3676 opusc.
1179 3599 1309 3681 Gotting.

185 3675 280 3742 1782.
303 3699 370 3758 pag.
392 3674 570 3740 250-276.

136 3768 214 3829 Just.
240 3766 326 3910 Frid5
341 3765 405 3824 Car.
427 3766 573 3826 Hecker
594 3762 826 3842 sphygmologiae
851 3762 1002 3824 Galenicae
1026 3767 1174 3845 specimen.
1217 3770 1311 3832 Berol.

139 3937 189 3999 Jo.
216 3936 302 3994 Conr.
326 3932 575 4010 Brotbeq'uius
602 3935 639 3992 de
660 3927 792 4010 calalepsi
814 3950 831 3989 1
857 3931 967 3992 Galeuo
994 3935 1143 4014 descripta.
1186 3939 1310 4018 Tubing.

187 4015 280 4080 1660.
292 4014 322 4080 4.
353 4023 410 4090 (Ad
425 4023 574 4076 Comment.
589 4024 617 4074 in
632 4023 773 4079 Prorrhet.
789 4022 821 4073 B.
837 4019 880 4088 90,
897 4023 941 4077 ed.
956 4023 1037 4076 Krihn
1052 4025 1126 4078 XVI.
1141 4027 1193 4082 683
1210 4031 1267 4098 sq.)

140 4103 279 4165 Matthias
301 4103 412 4162 Theod.
440 4103 661 4162 Melanelius
687 4103 723 4160 de
750 4101 932 4160 melancholia
952 4121 1003 4162 seu
1023 4110 1101 4162 atrae
1125 4107 1186 4164 bilis
1212 4111 1310 4168 morbo

187 4208 222 4247 er
247 4189 357 4260 Galeni,
378 4187 458 4246 Rulli
479 4197 508 4248 et
528 4189 603 4248 Aetii
616 4185 801 4246 voluminibus
817 4186 995 4248 collectanea.
1020 4187 1164 4268 Aotwerp.
1177 4189 1268 4254 1540.
1280 4191 1311 4258 4.

142 4289 247 4350 Daniel
270 4289 436 4347 Halbach
461 4307 529 4346 von
552 4289 615 4345 der
636 4286 774 4346 Porten
797 4286 833 4343 de
855 4291 1057 4363 cognoscendis
1072 4295 1100 4347 et
1111 4295 1240 4352 curandis
1253 4297 1311 4353 ani-

187 4375 227 4432 mi
248 4373 351 4432 morbis
371 4392 405 4431 ex
427 4373 525 4431 Galeni
548 4373 693 4431 sententia.
736 4371 916 4445 Regiomont.
944 4368 1033 4431 1515.
1059 4369 1088 4438 4.

141 4457 222 4522 Dan.
243 4459 326 4520 Wilh.
349 4457 487 4519 Triller
508 4457 669 4517 exercitatio
691 4459 728 4515 de
749 4455 837 4513 macie
861 4458 987 4534 corporis
1012 4476 1045 4514 ex
1071 4457 1217 4519 obsidione
1241 4480 1310 4520 cone

1040 4553 1062 4616 4

1297 4612 1348 4626 ⁴—
