2808 4872
575 288 653 350 Libri
676 290 783 352 medici.
1228 281 1269 344 15

94 445 142 506 Jo.
169 443 229 502 Jac.
252 441 285 503 Μ
292 445 448 520 angelus
469 441 640 502 bibliotheca
661 442 828 520 scriptorum
850 442 1021 501 medicorum
1043 445 1167 500 veterum
1181 443 1211 501 et
1224 459 1268 500 re·

140 529 307 600 cantiorum,
330 529 358 587 in
385 545 440 602 qua
460 527 511 585 sub
537 528 677 604 omniurn,
705 528 753 604 qui
776 545 794 586 a
816 527 912 585 muudi
934 526 1091 605 primordiis
1119 527 1157 584 ad
1179 545 1269 602 usque

139 633 215 675 saec.
239 613 343 672 Christ.
368 611 469 671 XVIII.
495 612 572 670 initia
592 613 736 684 viuerunt,
764 611 940 678 nominibus,
965 612 1063 670 ordIne
1084 609 1194 689 alphab.
1217 612 1268 669 ad-

140 698 272 776 scriptis,
312 698 404 773 vitae,
442 697 586 776 opiniones
619 703 648 756 et
679 698 783 775 scripta
815 701 991 756 recensentur
1016 700 1068 758 etc.
1117 695 1191 754 Voll.
1218 695 1267 759 lv.

141 783 250 845 Genev.
278 776 370 841 1731.
398 781 419 840 f·
483 779 548 839 Cum
579 779 673 858 effigg·
728 793 803 860 (Non
831 794 897 846 adeo
921 793 1008 862 magni
1033 791 1163 846 aestimari
1186 793 1268 860 solet3

140 880 210 932 quaa
227 868 313 915 autern
330 879 347 914 a
365 861 491 930 Mangcto
510 863 595 915 adbuc
613 863 700 914 editas
718 869 794 916 sunta
822 863 981 916 bibliotheca
999 864 1064 915 med
1082 869 1180 930 proca,
1199 879 1268 915 aaa·

143 941 223 996 tom„
249 933 388 1002 chirurg„
414 933 562 999 phoroneo,
580 931 704 998 chemioa,
724 931 890 985 collectiones
908 938 969 985 sunt
987 932 1134 1000 opusculor.
1154 949 1171 985 a
1188 931 1269 986 ronta

144 1001 301 1055 auctoribus
319 1000 540 1070 compositorum.)

8 1081 10 1170 ξ
97 1090 256 1150 Hermanni
287 1089 500 1148 Boiirhaave
536 1089 684 1148 methodus
710 1089 795 1148 studii
817 1088 921 1146 medici
942 1087 1097 1148 emaculata
1117 1095 1147 1148 et
1175 1107 1268 1149 acces-

8 2017 10 2048 l

142 1176 269 1234 sionibus
289 1173 459 1252 locupletata
480 1174 516 1232 ab
532 1173 597 1237 Alb.
615 1175 651 1232 ab
667 1173 698 1230 H
704 1174 806 1231 aller.
829 1173 913 1232 Tomi
930 1173 965 1234 Il.
995 1171 1111 1232 Amstel.
1129 1169 1221 1236 1751.
1238 1171 1268 1238 4.

144 1255 203 1323 (Ex
219 1271 303 1324 parva
320 1255 351 1310 B.
375 1255 577 1324 methodologia,
600 1254 684 1310 Lond.
703 1254 745 1306 vel
764 1254 903 1308 Amstelod.
928 1252 1000 1307 1726.
1023 1255 1064 1322 8.,
1082 1255 1118 1306 ib.
1141 1254 1215 1309 1734.
1232 1255 1269 1320 8.,

142 1325 245 1393 plenum
263 1323 297 1377 H.
318 1323 447 1376 conficere
465 1326 584 1377 tentabat
601 1324 690 1378 libror.
708 1323 864 1374 medicorum
880 1339 962 1390 usque
980 1323 1014 1374 ad
1032 1340 1079 1375 sua
1091 1331 1211 1391 tempora
1223 1341 1269 1376 ca-

143 1393 269 1460 talogum,
287 1391 321 1443 ad
339 1409 414 1460 quem
431 1391 524 1444 iudicis
541 1391 697 1460 alphabetici
715 1390 772 1442 loco
790 1409 848 1442 esse
862 1397 965 1460 potest:
986 1391 1065 1443 Corn.
1088 1391 1270 1445 Perebcom

142 1462 225 1512 iudea
242 1469 348 1514 auctor.
366 1467 393 1512 et
410 1478 496 1512 reram
514 1462 625 1512 maxime
641 1461 802 1512 memorabit.
821 1460 899 1514 math.
918 1461 990 1514 stud.
1008 1462 1074 1516 med.
1086 1461 1176 1516 Herm.
1187 1463 1269 1514 Boi'r-

144 1529 235 1581 haaoa
250 1535 297 1582 cto.
335 1529 424 1598 bugd.
438 1530 536 1580 Batav.
557 1527 631 1583 1750,
649 1529 689 1594 4.)

96 1601 195 1680 Chpb.
228 1600 357 1678 Theoph.
389 1601 434 1657 de
457 1601 554 1658 Murr
587 1599 782 1658 annotationes
812 1599 849 1656 ad
874 1598 1055 1658 bibliothecas
1083 1599 1270 1674 Hallerianas,

143 1705 208 1743 cum
228 1685 311 1742 variis
332 1685 371 1742 ad
395 1684 498 1760 scripta
519 1684 602 1745 Mich.
626 1684 735 1742 Servati
756 1685 967 1761 pertinentibus.
998 1685 1115 1759 Erlang.
1133 1680 1224 1744 1805.
1239 1683 1269 1748 4.

144 1763 334 1832 (Bibliothecae
350 1764 524 1829 Hallerianaa,
548 1764 707 1828 botanicum,
726 1764 911 1827 anatomicam,
931 1763 1104 1834 chirurgicam
1122 1772 1149 1818 et
1166 1767 1269 1837 practi-

145 1851 213 1899 cam,
231 1833 284 1886 suis
301 1833 366 1886 locis
383 1834 441 1888 scil.
459 1834 507 1886 sub
524 1832 565 1886 his
580 1833 643 1902 ipsis
661 1833 786 1886 doctrinis
805 1833 939 1901 dicemus.)

96 1922 307 1986 Tascheabuch
329 1923 399 1980 oder
419 1921 611 1980 Verzeichniss
636 1941 692 1980 von
717 1921 945 1994 medIcinischen,
973 1922 1173 1996 botaniscben,
1197 1924 1270 2002 phy-

143 2007 320 2082 sikaliscben,
336 2007 545 2066 anatomiscben
559 2007 619 2064 und
633 2006 873 2083 alchymistiscben
886 2007 1025 2068 Biicbern.
1047 2007 1166 2067 Breslau
1177 2003 1270 2070 1787.

144 2089 357 2227 ῗᾷῃᾞυὲᾱοῧ
369 2105 465 2237 lilopsan
483 2103 601 2172 generice
638 2103 807 2157 Bibliotheca
832 2103 1081 2172 physico-medica.
1123 2106 1269 2164 Vratislav.

217 2211 224 2228 .
262 2209 267 2221 .
353 2190 397 2224 o.

94 2245 149 2308 Jo.
173 2244 233 2302 Jac.
255 2243 353 2301 Palm
379 2243 504 2302 Versuch
527 2245 603 2302 einer
622 2243 838 2301 medicinischen
859 2232 1107 2308 Handbibliothelr.
1151 2246 1268 2325 Erlang.

144 2323 240 2389 1788.
262 2322 291 2385 8.
336 2332 523 2401 (Bibliopolas
539 2349 606 2401 opus
621 2332 736 2400 adjectis
751 2332 881 2384 librorum
895 2333 1018 2401 pretiis.)

94 2413 180 2472 Guil.
203 2411 322 2470 Godofr.
347 2411 549 2487 Ploucquet
569 2413 646 2470 initia
667 2413 851 2470 bIbliothecae
868 2413 1130 2490 medico-practicae
1146 2422 1174 2474 et
1198 2414 1269 2474 chic-

141 2497 259 2572 urgicae
295 2497 376 2554 realis
414 2497 473 2555 sive
503 2497 664 2573 Repertorii
688 2498 842 2555 medicinae
873 2498 1020 2574 practicae
1045 2503 1075 2556 et
1106 2499 1268 2578 chirurgiae.

140 2581 218 2644 Voll.
238 2579 314 2644 VIII.
349 2581 474 2656 Tubing.
496 2575 714 2640 1793-1797.
739 2575 768 2644 4.

93 2699 142 2712 --
167 2697 210 2709 -
232 2664 399 2724 bibliotheca
421 2665 666 2742 medico-practica
689 2671 718 2724 et
739 2665 892 2740 chirurgica
918 2663 999 2723 realis
1021 2665 1175 2740 recentior,
1212 2665 1271 2728 sive

142 2749 330 2808 Continuatio
352 2755 381 2808 et
401 2749 603 2826 Supplementa
627 2750 767 2808 initiorum
789 2749 973 2808 bibliothecae
994 2751 1271 2826 medico-practicae

124 2839 177 2893 et
200 2834 371 2909 chirurgicae
409 2835 467 2891 sive
499 2834 527 2891 R
564 2835 658 2891 ertorii
685 2833 839 2892 medicinae
870 2833 1009 2912 practicae
1042 2841 1071 2892 et
1106 2834 1269 2912 chirurgiae

146 2917 219 2982 VoII.
231 2917 280 2979 IV.
295 2918 420 2992 Tubing.
435 2913 528 2991 1799,
566 2913 637 2981 803.
653 2914 683 2979 4.
707 2923 943 2991 (Supplementum
954 2923 1141 2978 antecedentis
1154 2925 1270 2994 operis.)

95 3039 142 3051 -
165 3001 372 3060 -literatura
394 3003 502 3060 medica
519 3003 633 3077 digesta
654 3003 711 3062 sive
731 3003 928 3079 Repertorium
951 3003 1105 3062 medicinae
1123 3007 1272 3082 practicae,

141 3083 301 3160 chirurgiae
320 3091 406 3160 atque
425 3087 466 3144 rei
489 3087 671 3148 obstetricias.
695 3087 767 3149 Voll.
789 3087 838 3148 IV.
861 3087 986 3162 Tubing.
1014 3082 1106 3160 1808,
1127 3084 1219 3152 1809.
1240 3084 1270 3148 4.

143 3166 376 3248 (complectuntur
390 3165 475 3248 omnia
491 3183 560 3234 quae
576 3167 602 3218 in
620 3167 695 3220 modo
712 3166 789 3220 dictis
801 3167 862 3248 ΙΧΠ
876 3167 1047 3224 voluminibus
1065 3168 1151 3221 insunt
1164 3176 1192 3223 et
1207 3185 1270 3224 oon·

142 3243 315 3288 tmuatronem
332 3235 408 3301 hujus
426 3233 578 3287 literaturae
595 3251 678 3303 usque
697 3236 731 3287 ad
749 3235 888 3287 novissima
906 3238 1047 3304 tempora.)

95 3340 147 3352 -
171 3307 379 3364 —literatura
404 3307 512 3364 medica
534 3307 643 3381 digesta
666 3312 717 3366 etc.
741 3307 922 3365 Continuatio
944 3313 973 3364 et
995 3307 1227 3386 supplementum
1248 3308 1269 3368 1.

140 3391 269 3466 Tubing.
292 3386 383 3449 1814.
404 3385 435 3452 4.
479 3402 584 3466 (Omnia
607 3403 673 3455 haec
697 3401 825 3455 volumina
843 3403 938 3456 sistunt
954 3403 1099 3470 repertoria
1115 3405 1199 3456 realia
1215 3422 1270 3458 me-

143 3470 257 3538 dicinae,
276 3470 440 3540 alphabetico
458 3471 549 3524 ordine
566 3487 652 3524 rerum
669 3470 781 3539 digesta,
799 3473 908 3542 copiosa
925 3471 1044 3539 quidem,
1068 3472 1114 3525 scd
1132 3491 1184 3526 nou
1202 3489 1269 3526 senr-

142 3557 195 3610 per
210 3540 277 3594 satie
294 3541 442 3605 accurata.)

97 3613 168 3673 Car.
190 3613 255 3673 Glo.
278 3611 382 3669 Kiihn
407 3609 577 3670 bibliotheca
601 3613 711 3670 medica
732 3612 878 3670 continens
900 3611 1004 3690 scripta
1025 3613 1195 3671 medicorum
1209 3631 1270 3671 om-

142 3698 187 3756 nis
218 3697 281 3754 aevi
314 3697 412 3754 ordine
442 3695 601 3754 methodica
640 3697 785 3773 disposita.
839 3695 904 3754 Vol.
930 3696 951 3754 l.
1009 3695 1086 3774 Lips.
1115 3691 1206 3759 1794.
1239 3693 1268 3760 8.

145 3776 341 3842 (Doctrinarum
365 3775 479 3828 ordinem
505 3777 623 3846 sequitur
640 3777 710 3830 etin
727 3777 777 3829 hoc
794 3777 923 3830 volumine
950 3777 1097 3842 Chemhm,
1131 3777 1269 3846 Physicen,

143 3845 244 3901 Hister.
263 3845 423 3908 naturalem,
459 3845 696 3915 Encyclopaediam
720 3853 746 3899 et
770 3845 945 3898 Literaturam
962 3847 1087 3900 medicam
1106 3853 1269 3916 pertractat3

143 3915 264 3966 volumen
282 3912 390 3966 alterum
409 3915 602 3984 nou-prodiit.)

96 3985 166 4062 (Jo.
189 3987 267 4047 Sam.
293 3983 428 4060 Ersch)
456 3985 678 4062 systematisches
701 3985 895 4044 Verzeichniss
922 3987 973 4045 der
995 3987 1025 4046 in
1049 3988 1100 4044 der
1125 3985 1269 4044 medicini-

144 4071 240 4142 schen,
263 4069 493 4146 physiculiscben,
515 4071 689 4130 chemisehen
712 4073 770 4128 und
793 4071 1060 4130 naturbistorischen
1081 4069 1223 4128 Literatur
1240 4071 1269 4128 iu

146 4155 174 4217 d.
196 4155 222 4215 J.
249 4148 333 4214 1785
355 4153 398 4210 bis
421 4149 506 4214 1790
532 4155 836 4231 herausgekommenen
864 4155 1016 4214 deutschen
1044 4156 1103 4214 und
1127 4153 1269 4212 ausliindi-

146 4238 230 4296 seben
262 4237 412 4300 Schriften.
460 4238 514 4296 Mit
539 4238 746 4316 Nachweisung
768 4241 819 4298 der
840 4241 868 4299 in
889 4241 945 4298 den
969 4240 1166 4298 vornebmsten
1190 4238 1268 4296 Irriti-

147 4322 231 4382 schen
252 4321 406 4380 Journalen
431 4341 486 4382 von
509 4324 593 4383 ihnen
618 4324 797 4384 enthaltenen
820 4323 1023 4397 Recensionen‚
1045 4322 1116 4380 auch
1141 4319 1268 4398 Anzeige

146 4407 230 4472 vieler
249 4407 279 4469 ia
299 4406 495 4487 periodischen
516 4409 657 4470 Schritlen
679 4413 852 4470 zerstreuten
873 4409 1016 4468 einzelnen
1030 4406 1266 4484 Abhandlungen.
