2808 4872
610 277 805 358 Hippocrates.
1248 284 1292 350 48

164 430 317 566 {oplioclis
341 436 376 528 et·
395 429 541 580 genesiii
563 430 640 492 locis.
682 433 784 498 Veuet.
810 427 903 497 1781.
928 429 959 497 4.
1003 439 1057 510 (Ad
1070 440 1201 497 medicum
1213 443 1291 501 Anna

194 551 201 566 .
245 529 307 583 orry
324 529 394 583 sorrp
424 551 431 566 .

117 584 147 644 J.
174 584 213 650 R.
234 585 349 645 Duvel
371 591 492 645 serment
516 585 729 664 d'Hippocrnte‚
750 586 875 665 precede
896 588 981 648 d’nno
1001 590 1095 652 notice
1115 610 1163 651 sur
1175 591 1217 652 les
1231 596 1291 655 ser'·

166 677 259 730 ments
283 691 318 730 en
343 671 497 730 mddecine.
539 669 618 728 Paris
643 665 736 734 1818.
760 665 790 733 8.

122 755 269 815 Stanislav
291 754 521 814 Grottonelli
549 773 634 834 sopra
653 756 673 816 il
694 756 870 833 giuramento
891 756 1072 838 d’lppocrate
1085 759 1219 827 discorso.
1240 761 1291 824 Fi-

166 859 253 901 renze
279 835 370 904 1823.
395 835 425 902 8.
468 844 602 914 (Oratio.)

7 922 11 930 ’
122 924 236 1002 Georg.
264 924 296 984 Μ
304 925 420 984 anneli
444 925 506 983 libri
531 925 599 1005 περὶ
624 917 736 1002 φύσιος
758 918 948 1006 dudeciaco,
972 927 1020 1003 qui
1040 927 1113 987 inter
1131 929 1291 1010 Hippocra-

167 1011 241 1070 ticos
265 1015 360 1085 extat,
390 1029 514 1074 censura.
557 1011 619 1072 Jeu.
642 1005 733 1072 1791.
756 1005 785 1070 8.
830 1015 1023 1083 (Fragmentis
1038 1018 1186 1086 antiquior.
1201 1028 1231 1074 et
1244 1038 1289 1075 ro·

169 1091 278 1146 oentior.
295 1098 429 1146 auctorum
447 1091 586 1144 conflatum
603 1108 662 1146 esso
679 1091 746 1144 huuc
760 1090 851 1144 librum
868 1092 1193 1164 pseud-hippocratioum.)

123 1165 202 1229 Geo.
227 1166 343 1240 Seger
362 1165 398 1223 de
419 1165 481 1222 libri
509 1165 701 1243 Hippocratici
726 1163 795 1242 περὶ
820 1166 948 1246 καρδίης
972 1173 1037 1225 ortu
1057 1167 1191 1243 legitimo.
1233 1171 1291 1230 Ba·

167 1250 213 1312 sil.
239 1245 329 1392 lgiil.
351 1244 447 1393 451—
467 1248 563 1308 Recus.
584 1253 615 1308 io
635 1249 789 1326 Baldinger
807 1250 912 1308 selecta
932 1270 1029 1332 opusc.
1054 1252 1185 1331 Gotting.
1198 1249 1290 1319 1782.

167 1353 237 1413 pag.
281 1330 383 1394 lii-3
427 1377 434 1391 .

2 1471 3 1478 ,
119 1419 161 1478 G.
189 1419 224 1481 F.
245 1416 464 1477 Laurentius
486 1419 523 1476 de
544 1418 618 1477 notis
639 1417 822 1497 Hippocratis
840 1417 869 1477 in
884 1419 1007 1479 historiis
1029 1421 1149 1500 epidem.
1163 1423 1291 1503 repertis.

166 1503 276 1566 Lubet.
301 1501 390 1565 1666.
411 1499 442 1562 4.
486 1507 618 1576 (Siglaiu
632 1508 681 1560 lib.
697 1507 784 1577 epid.)

118 1589 239 1649 Theod.
264 1589 356 1651 Corol.
383 1589 547 1646 Schmidt
568 1589 747 1668 epistolarum
774 1606 847 1664 quae
871 1589 1038 1668 Hippocrati
1059 1589 1145 1668 vulgo
1165 1592 1293 1652 tribuun-

165 1679 215 1732 tur
239 1692 363 1734 censura.
407 1674 495 1732 Jenae
522 1668 613 1732 1813.
640 1668 670 1735 8.
715 1677 864 1746 (Philologi
879 1680 970 1747 opus.)

116 1758 169 1818 Jo.
196 1756 330 1820 Antonid.
352 1777 420 1816 van
450 1759 512 1816 der
531 1755 670 1818 Lindon
695 1757 871 1816 meletemata
891 1759 1045 1817 medicinae
1065 1759 1292 1838 ffippooraticae.

165 1842 263 1920 Lugd.
284 1843 348 1904 Bat.
371 1837 462 1904 1660.
483 1837 515 1903 4.
536 1877 580 1888 -
600 1844 670 1902 Post
694 1850 813 1902 mortem
833 1844 954 1901 auctoris
979 1844 1053 1904 cdid.
1075 1845 1121 1910 Jo.
1143 1844 1203 1908 Jac.
1218 1845 1294 1904 Dii-

2 1955 3 1996 .
164 1929 237 1992 bel.
268 1929 399 1986 Francos.
421 1921 513 1990 1672.
535 1922 567 1989 4.

2 2034 3 2044 ’
118 2012 226 2071 Claud.
247 2012 371 2092 Tardy
396 2013 597 2090 Hippocratica
621 2012 752 2070 medendi
774 2011 932 2074 methodus.
975 2011 1062 2072 Paris.
1079 2006 1172 2074 1676.
1194 2007 1224 2071 8.

117 2113 185 2176 Jac.
209 2112 230 2170 S
237 2133 304 2192 pon
331 2114 481 2192 aphorismi
505 2113 571 2172 novi
593 2133 627 2172 ex
651 2113 833 2190 Hippocratis
855 2113 985 2192 operibus
1007 2132 1082 2172 nunc
1102 2113 1221 2192 primurn
1235 2113 1294 2173 col·

165 2198 241 2256 lecti.
282 2196 377 2274 Lugd.
404 2193 496 2262 1684.
524 2193 584 2274 12,
606 2200 642 2260 ib.
665 2194 756 2257 1689.
783 2193 831 2255 12.
876 2201 1042 2271 (Aphorismi
1056 2219 1098 2270 gr.
1114 2203 1162 2255 lat.
1178 2221 1212 2256 ex
1228 2221 1294 2272 ope-

166 2278 219 2336 rib.
238 2279 275 2334 H.
292 2279 409 2348 excerpti
427 2287 455 2332 et
472 2279 562 2332 ordine
579 2279 748 2347 systematico
767 2277 902 2348 dispositi3
923 2295 988 2332 cave
1003 2297 1036 2332 ne
1054 2297 1103 2350 pro
1122 2279 1191 2334 reris
1210 2281 1293 2350 apho-

166 2346 253 2401 rismis
270 2349 305 2403 H.
323 2349 403 2416 vulgo
421 2349 460 2401 sic
479 2348 555 2401 dictis
574 2349 692 2416 habeas.)

3 2449 5 2470 ·
116 2421 148 2484 J.
174 2420 208 2477 C.
231 2420 319 2483 Andr.
341 2421 469 2480 Miiller
499 2421 657 2480 rudimenta
682 2419 825 2478 doctrinae
852 2391 1071 2498 Hippocraticae
1091 2439 1183 2485 verae.
1226 2419 1294 2482 Hal.

3 2549 5 2652 i
119 2501 321 2668 Guilillieoii.
345 2589 446 2652 Franc.
471 2589 527 2652 Jul.
558 2589 708 2648 Friilich
741 2589 806 2652 diss.
837 2589 933 2664 inaug.
966 2589 1003 2646 de
1026 2587 1209 2668 Hippocratis
1240 2587 1294 2648 Coi

167 2675 301 2733 medendi
322 2675 469 2737 methodis.
513 2673 659 2733 Vratislav.
682 2667 774 2736 1821.
799 2668 830 2733 8.

4 2769 6 2792 “
118 2759 228 2822 Franc.
250 2760 369 2820 Zachar.
396 2759 578 2818 Ermerins
604 2757 719 2839 specim.
752 2759 815 2816 hist.
845 2757 919 2820 med.
945 2755 1039 2833 inaug.
1066 2757 1104 2815 de
1135 2755 1295 2836 Hippocra-

167 2844 206 2902 tis
238 2845 366 2904 doctrina
388 2863 406 2901 a
429 2845 609 2922 prognostice
641 2844 767 2906 oriunda.
818 2840 913 2918 Lugd.
935 2842 999 2899 Bat.
1024 2837 1115 2904 1832.
1137 2839 1169 2900 4.
1227 2847 1295 2914 (Co-

167 2925 245 2996 piosn
260 2931 287 2978 et
305 2925 406 2978 erudita
424 2925 587 2994 disquisitio,
614 2931 738 2979 accurate
755 2930 783 2977 et
804 2922 1078 2993 philologico-medico
1096 2923 1199 2976 Goocas
1215 2939 1294 2994 prae-

167 2993 298 3059 notionem,
316 2994 501 3063 prognosticon
519 3002 570 3048 stc.
588 2995 773 3065 pertractans.)

5 3081 7 3132 !
122 3083 239 3158 Traug.
260 3083 353 3142 Balth
376 3084 443 3147 Chr.
465 3082 636 3142 Stentzel
659 3081 764 3160 (praes.
786 3081 859 3141 Dan.
882 3081 959 3140 Guil.
983 3079 1099 3158 Triller)
1125 3081 1162 3140 de
1182 3079 1296 3158 Hippo-

5 3167 7 3192 *
169 3168 254 3226 cratis
278 3169 372 3228 studio
398 3170 556 3228 anatomico
578 3168 719 3243 singulari.
766 3168 856 3229 Viteb.
879 3161 1022 3228 17514,
1044 3164 1162 3224 Emerui.
1181 3166 1252 3224 redit
1265 3168 1297 3224 iu

167 3253 250 3316 Trill.
266 3253 387 3330 Opuscc.
408 3253 472 3316 Vol.
496 3254 519 3314 l.
542 3248 633 3315 1766.
655 3273 685 3330 p.
710 3246 888 3327 107-133,
907 3253 1027 3330 qrcumoir
1047 3269 1101 3308 non
1124 3247 1237 3310 Tridui
1250 3248 1297 3309 red

170 3335 316 3396 Stentselir'
340 3358 406 3415 opus
426 3342 472 3414 rit,
497 3337 545 3395 Tr.
567 3357 615 3414 ope
640 3338 810 3395 elaboratum.

6 3427 9 3502 ζ
121 3423 191 3482 Elie
217 3424 260 3480 de
280 3421 484 3500 Lapoterie
509 3441 624 3480 examen
651 3422 688 3479 de
714 3422 743 3479 la
769 3419 895 3478 doctrine
916 3418 1121 3495 d’Hippocrate
1145 3418 1197 3476 des
1223 3417 1297 3478 erres

7 3509 8 3540 ¹
170 3508 278 3565 aninre's
302 3526 349 3565 sur
369 3508 397 3566 le
421 3507 546 3585 principe
568 3509 608 3564 du
632 3510 809 3564 mouverncnt
835 3509 864 3563 el
890 3504 926 3561 de
948 3503 976 3560 la
996 3503 1055 3581 vie,
1080 3523 1129 3562 sur
1152 3502 1193 3560 les
1222 3503 1297 3580 peri-

172 3593 243 3650 odes
277 3593 313 3650 de
344 3592 372 3650 la
393 3593 437 3650 vie
467 3591 606 3664 hnmaine‚
630 3611 703 3668 pour
734 3590 820 3650 servir
845 3591 863 3648 h
884 3585 1018 3648 l’histoire
1043 3589 1083 3647 du
1111 3587 1297 3664 magnetisme

170 3675 283 3734 animal.
327 3677 410 3735 Brest
433 3683 461 3734 et
480 3676 559 3734 Paris
582 3670 673 3738 1789.
700 3671 730 3738 8.

124 3759 174 3820 De
197 3759 346 3819 Lavand
372 3760 548 3838 physiologie
572 3761 776 3840 d'Hippocrote
797 3759 915 3818 extruite
936 3759 1038 3816 deses
1063 3775 1188 3820 oenrres.
1220 3751 1299 3814 Paris

171 3865 209 3904 an
222 3847 250 3904 X
273 3841 393 3922 (1802.)
409 3842 438 3905 8.
461 3851 540 3918 (Cum
554 3850 682 3902 versione
697 3849 804 3902 Gallica
819 3848 883 3900 libri
898 3847 1021 3915 desire,
1036 3863 1110 3918 squ,
1125 3847 1188 3915 loc.‚
1204 3861 1299 3898 secun-
1353 3882 1355 3886 -

172 3927 233 3979 dum
251 3926 340 3978 Foesii
357 3926 502 3980 versionem
520 3925 646 3993 latinam.)
739 3939 742 3945 '

9 4005 11 4046 ἵ
125 3999 244 4058 Samuel
266 3999 398 4058 Hirsch
435 4001 502 4062 diss.
529 4000 623 4075 inarrg.
646 3998 778 4058 nonnulla
803 3998 840 4057 dc
860 3996 1043 4076 Hippocratis
1064 3995 1119 4054 Coi
1140 3994 1299 4072 cognitione

170 4084 413 4162 anthropologica.
457 4084 551 4143 Berol.
578 4080 669 4144 1834.
691 4080 720 4143 8.

126 4169 248 4230 Gerard.
272 4171 315 4228 de
338 4170 411 4228 Vos
433 4171 504 4246 disp.
524 4169 619 4246 inaug.
642 4172 677 4228 de
699 4175 815 4227 naturae
831 4166 944 4242 vigore,
980 4164 1080 4241 majori
1111 4164 1140 4222 in
1173 4180 1242 4222 sano
1270 4166 1299 4220 et

171 4259 291 4331 aegroto
322 4273 424 4330 graeco
452 4255 633 4332 Hippocratis
658 4261 800 4332 tempore,
836 4270 921 4327 quam
953 4249 983 4308 in
1007 4249 1110 4308 nostris
1134 4247 1300 4307 hominibus.

10 4377 12 4424 ;
170 4336 267 4414 Lugd.
289 4335 473 4402 But-1824.
494 4334 524 4398 8.

10 4463 13 4504 p
123 4422 202 4482 Dan.
224 4423 308 4485 Wilh.
329 4423 470 4485 Triller
491 4423 650 4484 exercitatio
672 4423 709 4482 de
725 4421 863 4481 alluvione
883 4417 1055 4479 alimentaria
1072 4418 1108 4477 ah
1124 4417 1299 4497 Hippocrate
