2766 4878
118 282 181 348 144
625 287 782 350 Auatomia.

162 441 221 501 fide
235 440 414 502 illustrantur.
428 440 552 504 deob.
568 437 657 504 1835.
668 439 698 502 8.
717 477 759 490 ·-
778 441 844 501 Crun
862 442 932 502 ult.
950 437 1095 518 lilithogr.
1136 455 1192 520 (ab
1220 453 1288 508 suti-

164 521 223 593 quir
240 523 400 594 temporibus
417 540 500 592 usque
517 524 550 577 acl
569 525 701 578 Romanor
725 531 844 586 veterem
869 524 975 577 tabulae
994 524 1091 576 habent
1108 523 1223 576 cultrum
1244 539 1289 574 cu·

162 609 251 662 preum
268 593 296 645 in
319 592 412 646 mumia
429 593 594 662 aegyptiaca
617 603 748 675 repertum
771 601 798 646 et
815 593 972 648 anatomiam
989 592 1137 646 sinensium
1154 610 1190 646 ex
1210 591 1291 660 Cley-

163 678 224 726 ero;
243 661 394 731 opuseulum
413 679 463 714 non
481 664 547 714 satis
565 661 690 715 historice
706 663 852 731 scriptum.)

119 733 180 794 Jos.
201 733 305 793 Antou.
326 735 426 808 Haag
443 735 622 810 antiquitates
641 736 829 810 anatomicam,
847 752 898 792 seu
917 734 953 792 de
970 733 1129 792 anatomiae
1144 738 1250 790 exortu
1265 735 1294 788 et

162 820 375 898 propagatione.
398 819 550 896 Oenipont.
574 818 642 876 -2

39 967 40 970 Ἴ
120 901 205 966 Laur.
228 903 365 962 Duteus
383 902 545 962 recherches
561 923 608 962 sur
624 903 752 978 l'origiue
773 904 824 961 des
841 903 1037 962 descouvertes
1059 900 1219 961 attributes
1241 919 1295 958 aux

162 989 321 1050 modernos.
364 986 442 1044 Paris
469 983 558 1046 1766.
581 984 610 1047 8.
638 989 708 1049 Voll.
735 983 763 1045 2.
789 1000 953 1064 (anatomici
966 1005 994 1052 et
1005 999 1189 1070 physiologica
1204 997 1296 1062 multa,

165 1087 233 1139 quae
251 1068 440 1122 recentioribus
458 1069 615 1134 tribuuntur,
633 1069 767 1121 veteribus
785 1069 896 1135 deberi.)

122 1141 168 1203 Jo.
190 1143 278 1205 Henr.
299 1141 453 1200 Schulze
478 1143 610 1200 historiae
628 1143 800 1198 anatomicae
817 1141 928 1218 specim.
952 1139 974 1198 I.
989 1146 1017 1198 et
1033 1139 1067 1198 ll.
1080 1137 1183 1197 Altorf.
1201 1131 1296 1198 1721.

166 1221 258 1290 1723.
280 1224 309 1285 4.
334 1259 377 1270 -
403 1226 500 1289 Recus.
525 1229 555 1284 in
576 1225 725 1284 Kurella
748 1225 893 1283 fasciculus
912 1227 1062 1283 dissertatt.
1085 1231 1140 1306 etc.
1169 1226 1297 1298 (Diuqui-

167 1307 274 1360 sitiones
289 1314 429 1360 accuratae
447 1307 517 1360 circa
535 1307 706 1375 antiquiorem
724 1314 856 1360 anatomes
870 1306 1023 1372 historiam.)

122 1377 192 1438 Phil.
217 1380 276 1442 Jac.
298 1381 495 1438 Hartmann
520 1381 679 1438 exercitatio
702 1379 859 1438 anatomica
880 1379 901 1436 1.
920 1385 948 1436 et
963 1379 996 1435 ll.
1015 1379 1051 1436 de
1066 1377 1110 1449 iis,
1132 1395 1207 1452 quae
1227 1396 1297 1434 con-

165 1471 210 1523 tra
234 1466 360 1542 peritiam
382 1471 507 1524 veterum
532 1465 715 1522 anatomicam
741 1464 897 1522 afferuntur
921 1465 949 1520 in
975 1481 1087 1538 genere.
1108 1461 1297 1536 Regiomonti

167 1545 261 1610 1684.
283 1543 374 1609 1687.
395 1545 425 1608 4.
446 1582 490 1592 -
516 1549 639 1624 Ejusd.
661 1549 819 1607 exercitatio
841 1549 997 1606 anatomica
1021 1546 1159 1608 1-1v.
1190 1549 1229 1604 de
1251 1547 1296 1618 iis,

167 1653 240 1709 quae
262 1641 359 1692 contra
380 1634 507 1712 peritiam
524 1641 649 1692 veterum
668 1635 853 1692 anatomicam
874 1633 1029 1691 afferuntur
1049 1631 1078 1688 in
1100 1632 1202 1708 specie.
1236 1631 1297 1690 Re-

166 1720 252 1795 giom.
275 1714 516 1778 1689-1693.
541 1714 572 1778 4.
598 1717 685 1776 Redit
706 1725 816 1796 utroque
839 1721 868 1775 in
889 1716 1039 1775 Kurella
1066 1716 1214 1774 fasciculus
1237 1716 1297 1773 dis-

166 1810 245 1862 serit.
269 1808 322 1862 etc.
347 1809 499 1877 (Opuscula
513 1807 674 1860 eruditionis
689 1807 770 1877 plena
783 1807 924 1858 veteribus
936 1805 1013 1858 nimis
1026 1805 1143 1872 lavent.)

125 1887 171 1950 Jo.
193 1889 227 1952 F.
253 1888 490 1946 Escheubach
516 1889 644 1966 epistola,
666 1907 722 1964 qua
744 1888 905 1946 defenditur
921 1893 1052 1945 anatome
1076 1883 1296 1962 Aegyptiorum.

166 1971 244 2049 Lips·
271 1967 362 2032 1776·
383 1967 414 2034 4.
449 1984 549 2052 (Reges
574 1989 687 2053 Aegypt.
706 1992 843 2037 anatomen
861 1985 1010 2036 exercuisse
1028 1983 1106 2036 etiam
1124 1991 1185 2036 ante
1202 1983 1296 2036 Ptole·

169 2069 300 2134 maeorum
318 2061 434 2172 tempora
452 2063 544 2106 contra
562 2054 719 2116 Schulzium
735 2055 908 2137 Boernerum‚
927 2053 1074 2136 Grunerqm
1093 2053 1211 2138 aliosque
1227 2052 1296 2104 male

168 2121 333 2186 detenditur3
352 2139 401 2176 cr.
422 2123 623 2190 lucusianum
646 2141 674 2178 u.
693 2124 932 2175 Roacnmutter
955 2123 1085 2192 Bertruge
1095 2127 1147 2191 sur
1165 2124 1208 2174 dre
1225 2122 1295 2174 Zar-

168 2191 433 2262 giiederungslrunet.
452 2191 528 2247 1801.
548 2192 599 2248 Bd.
616 2191 641 2243 2.
665 2192 703 2246 H.
722 2193 745 2244 l.
765 2193 795 2248 S.
815 2192 840 2244 l.
853 2192 915 2262 fg.)

125 2278 201 2340 Dan.
222 2279 308 2340 Wilh.
333 2279 471 2338 Triller
497 2273 586 2361 (resp.
608 2279 716 2355 Traug.
739 2281 864 2343 Baithas.
893 2280 959 2338 Chr.
985 2278 1127 2358 Stentzel)
1154 2279 1191 2336 de
1220 2278 1295 2357 Hip·

167 2365 290 2444 pocratis
318 2364 412 2421 studio
439 2366 597 2422 anatomico
625 2365 767 2439 singulari.
799 2365 893 2424 Viteb.
922 2359 1012 2428 1754.
1035 2359 1064 2422 4.
1089 2397 1132 2408 -
1152 2363 1241 2423 Redit
1264 2366 1294 2422 in

167 2447 266 2526 Ejusd.
293 2447 413 2526 Opuscc
438 2449 502 2508 Vol.
524 2449 546 2507 I.
571 2467 638 2528 pag.
657 2444 858 2509 107-131.

126 2549 171 2610 Jo.
187 2550 263 2609 Frid.
283 2548 528 2610 Blumenbach
548 2551 585 2608 da
603 2556 728 2608 veterum
745 2551 881 2610 artificum
898 2549 1071 2608 anatomicae
1082 2547 1198 2627 peritiae
1210 2549 1294 2608 laude

169 2635 323 2705 limitanda,
345 2634 511 2693 celebranda
532 2655 600 2693 vero
622 2654 718 2693 eorum
739 2637 767 2694 in
784 2636 942 2692 charactere
959 2634 1096 2709 gentilitio
1112 2635 1293 2711 exprimendo

168 2719 508 2862 pccuraqjope.vqiotting.
532 2715 623 2779 1828.
647 2716 679 2783 4.
707 2753 750 2764 —
770 2719 868 2778 Etiam
887 2721 918 2776 in
945 2719 1103 2778 Commeat.
1129 2737 1189 2779 soc.
1220 2719 1293 2776 Got-

129 2815 131 2818 '
182 2823 239 2880 ing,
289 2827 326 2862 o.
396 2849 403 2865 .

127 2905 191 2967 Car.
208 2905 288 2966 Frid.
310 2904 483 2964 Heinrich
505 2906 701 2965 commentatio
722 2904 890 2980 academica,
911 2922 968 2979 qna
989 2903 1293 2982 hermaphroditorum‚

169 2991 238 3049 artis
258 2990 390 3064 autiquae
411 2990 565 3061 illustrium,
586 2991 707 3066 origines
729 2995 758 3047 et
774 3007 874 3046 causae
888 2989 1067 3066 explicantur.
1093 2989 1188 3046 Kilon.
1201 2987 1292 3053 1805.

168 3070 216 3146 4.;
237 3073 395 3148 Hamburgi
418 3069 508 3138 1805.
530 3071 558 3135 4.
571 3108 613 3118 -
630 3078 780 3147 (Philologi
799 3078 952 3147 opusculum
978 3079 1046 3130 satis
1072 3079 1226 3148 eruditum.)

126 3171 172 3234 Jo.
197 3173 245 3235 Fr.
270 3171 311 3234 M.
333 3191 359 3235 v.
386 3173 509 3232 Olfers
534 3174 603 3232 iiber
628 3177 672 3234 ein
694 3176 772 3233 Grab
794 3177 839 3234 bei
861 3175 955 3234 Kumii
979 3176 1039 3233 und
1060 3176 1106 3233 die
1130 3178 1159 3235 iu
1175 3176 1293 3235 demsel-

169 3258 224 3316 beu
248 3255 426 3316 euthalteneu
456 3259 678 3336 merkwirrdigen
710 3260 867 3318 Bildwerke
896 3261 947 3318 mit
974 3260 1129 3319 Riichsicht
1162 3262 1216 3319 auf
1241 3263 1292 3320 das

168 3341 359 3400 Vorlrommen
373 3338 440 3400 vvon
462 3343 594 3404 Sheleten
615 3352 698 3403 unter
724 3347 779 3402 den
800 3343 930 3403 Antiken.
961 3344 1080 3404 Gelesen
1104 3347 1132 3402 in
1150 3347 1201 3402 der
1216 3342 1292 3403 lsa-

170 3427 261 3485 demie
278 3426 329 3484 der
353 3426 599 3500 Wisseuschasten,
625 3448 671 3486 am
695 3425 724 3488 4.
747 3427 910 3488 November
930 3423 1022 3488 1830.
1052 3429 1105 3487 Mit
1129 3425 1291 3488 hsteiuta-

169 3511 226 3570 selu
250 3511 278 3568 in
300 3509 391 3568 Folio.
415 3512 511 3570 Berlin
534 3509 627 3574 1831.
652 3509 683 3575 4.
707 3517 852 3586 (Accurata
873 3518 1028 3588 disquisitio
1053 3518 1228 3587 antiquaria.)

61 3647 63 3651 ,
127 3613 199 3673 Phil.
221 3611 279 3669 Jac.
304 3609 502 3670 Hartmaun
524 3615 684 3672 exercitatio
698 3616 854 3673 anatomica
873 3613 979 3677 l—lV.
995 3615 1031 3672 de
1048 3615 1200 3689 originibus
1218 3634 1291 3674 ana·

131 3695 134 3698 ’
168 3697 287 3757 tomiae..
321 3694 502 3770 Regiomonti
529 3693 621 3760 1683.
649 3695 678 3761 4.
707 3699 802 3766 Reme,
824 3704 854 3758 in
880 3698 1033 3756 Kurella
1060 3699 1207 3758 fasciculus
1233 3701 1290 3759 dis·
1374 3697 1375 3724 r

170 3779 353 3840 sentationum
378 3781 415 3838 ad
444 3781 586 3840 historiam
607 3783 771 3858 medicinae,
798 3784 942 3862 speciatim
967 3788 1130 3861 anatomes,
1161 3791 1290 3864 spectan-

168 3866 247 3923 tium.
281 3862 374 3922 Berol.
398 3857 490 3929 1754.
516 3861 546 3927 8.

226 4083 287 4180 cl.
344 4082 672 4182 Amntome
714 4085 1187 4232 recentiorum.

125 4271 232 4333 Lazar.
247 4271 495 4350 Meyssounier
516 4277 552 4333 de
568 4275 676 4352 scriptis
701 4280 729 4332 et
754 4277 871 4335 inventis
884 4348 886 4351 Ι
899 4277 1133 4352 anatomicorum,
1155 4277 1203 4353 qui
1225 4281 1288 4354 post
1373 4273 1375 4318 l

168 4358 350 4417 Laurentium
370 4360 548 4436 scripserunt.
570 4359 664 4436 Lugd.
691 4355 783 4420 1650.
809 4357 838 4425 8.
872 4365 971 4432 (Andr.
991 4367 1152 4435 Dulaurcns,
1174 4365 1288 4420 celebris

1373 4019 1375 4102 l

1372 4127 1375 4238 l

169 4439 329 4494 anatomicus
345 4438 543 4512 Monspeliensis
560 4443 579 4510 3²
597 4441 639 4494 (lie
658 4441 699 4499 16.
717 4443 829 4512 Augusti
857 4441 947 4512 1609.)
1068 4515 1070 4519 ‚

1374 4585 1375 4616 l

44 4650 136 4674 A
