2788 4884
621 246 776 322 chirurgia.
1222 242 1282 306 181

161 395 301 456 historica.
343 397 432 458 Hafu.
455 392 546 458 1788.
560 393 589 460 8.
608 410 679 478 (Nec
696 412 761 466 satis
779 409 880 464 erudite
897 429 946 464 nec
963 413 1028 466 satis
1046 412 1282 483 ingenuescriptus

163 477 238 542 liber,
257 478 301 546 qui
319 495 366 547 pro
384 479 513 547 chirurgia
532 487 623 532 contra
640 482 753 534 medicos
770 481 927 534 Heinienses
945 499 1062 551 pugnare
1079 483 1205 548 ridetur.)

52 591 59 600 .
116 547 149 606 Ρ.
175 549 341 625 Maagras
366 553 457 627 precis
484 553 639 627 historique
659 561 688 612 et
711 555 931 612 consideratione
959 574 1009 612 sur
1034 553 1096 612 l'art
1120 556 1157 612 de
1178 555 1281 630 gutur,

161 634 357 711 specialement
377 653 425 694 sur
445 635 472 694 la
497 637 642 712 chirurgia.
685 638 763 696 Paris
784 657 819 696 au
832 639 871 696 XI
897 633 1016 720 (1803).
1038 634 1068 696 8.

114 715 193 775 Kurt
217 720 401 796 Sprengel
426 720 593 779 Geschichte
617 723 667 780 der
691 723 845 798 Chirurgie.
870 718 896 781 l.
920 723 1011 782 'l'heil
1041 722 1209 782 Geschichte
1230 723 1281 779 der

160 804 334 879 wichtigsten
360 805 559 881 Operationen.
603 806 685 864 Helle
710 803 801 866 1805.
830 802 861 866 8.
889 839 931 850 -
956 805 984 866 1.
1007 807 1089 866 Tbeil
1114 827 1169 864 von
1195 806 1279 864 Wilh.

159 889 356 964 Spreugel.
380 889 465 948 Halle
488 885 578 951 1819.
601 885 630 948 8.
654 924 696 934 -
726 892 782 953 Vol.
804 891 830 951 I.
852 893 944 950 italico
964 899 1029 950 vert.
1051 892 1144 950 Pietro
1165 892 1278 962 Betti,

159 969 450 1045 Fireuze1815.8.;
475 975 648 1050 gollioauert.
671 975 829 1035 Jourdau
854 986 883 1034 et
903 977 1118 1052 Bosquillon
1145 975 1278 1053 oomSpr.

162 1055 320 1115 Geschiclrte
340 1059 388 1115 der
409 1059 601 1116 ⁴*lrsoeilruada
626 1060 702 1117 Paris
728 1055 818 1119 1815.
842 1055 887 1131 8.;
912 1081 936 1119 o.
957 1081 1040 1138 supro
1060 1079 1125 1139 pag.
1140 1055 1169 1120 7.
1193 1065 1279 1131 (Tra-

160 1143 265 1190 ctentur
282 1139 334 1192 rol,
352 1139 445 1206 primo:
464 1139 620 1208 trepanatio‚
640 1149 808 1205 cataractae,
831 1142 934 1194 fistulae
952 1142 1107 1210 lacrymulis,
1127 1141 1279 1210 polyporum

158 1206 217 1258 nasi
235 1217 262 1259 et
279 1206 341 1259 labii
359 1209 468 1278 leporini
488 1209 662 1277 operationes,
680 1210 889 1273 bronchotomia,
909 1212 1028 1279 operatio
1052 1207 1158 1262 herniae
1175 1210 1279 1264 intesti-

158 1293 249 1328 norum
268 1283 295 1328 et
313 1277 415 1343 omenti,
435 1279 552 1346 operatio
571 1277 732 1344 hydrocelen,
751 1279 843 1332 calculi
858 1279 961 1332 vesicae
975 1287 1002 1331 et
1013 1280 1115 1332 fistulae
1127 1279 1178 1340 ani,
1196 1280 1278 1332 sectio

158 1361 297 1411 caesarea,
322 1347 479 1414 amputatio,
505 1357 713 1412 anevrysmatum
735 1350 850 1413 curati03
875 1348 926 1402 vol.
958 1349 1088 1401 secundo:
1113 1349 1278 1416 operationes

158 1413 347 1480 ophthalmicus
365 1413 425 1479 rel,
449 1414 648 1484 rhinoplastice,
672 1417 836 1484 operationes
855 1417 926 1470 circa
944 1435 1035 1480 aures,
1054 1418 1158 1481 dentes,
1178 1427 1279 1470 antrum

156 1482 304 1549 maxillare,
336 1501 365 1536 os
389 1491 416 1535 et
438 1501 571 1547 mammas,
600 1485 776 1551 paracentesis
800 1485 931 1551 thoracis,
956 1495 1063 1539 suturae
1086 1486 1228 1539 abdominis
1253 1494 1280 1538 et

155 1550 345 1618 intestinorum,
364 1553 542 1622 paracentesis
561 1551 711 1617 abdominis,
730 1555 878 1616 castratio.)

106 1624 156 1682 Jo.
180 1624 246 1685 Glo.
268 1626 465 1683 Bernstein
494 1625 661 1684 Geschichte
683 1629 734 1684 der
757 1627 913 1701 Chirurgie,
939 1647 1004 1684 vom
1015 1625 1146 1702 Anlange
1167 1627 1209 1685 bis
1231 1627 1283 1682 aus

154 1709 202 1767 die
222 1707 327 1784 jetaige
347 1710 422 1770 Zeit.
445 1705 586 1768 2Thetle.
612 1708 709 1788 Leipz.
734 1706 825 1770 1811.
854 1706 947 1773 1813.
969 1706 1000 1774 8.
1030 1716 1119 1786 (Opus
1136 1715 1219 1768 multo
1230 1714 1279 1769 mi-

155 1805 204 1842 nus
222 1789 360 1854 laudabile,
379 1807 454 1859 quarn
474 1789 620 1857 chirurgica
637 1791 752 1858 ejusdem
769 1793 884 1845 auctoris
902 1792 1025 1860 scripta.)

2 1880 3 1883 ’
105 1859 187 1920 John
207 1864 319 1920 Smith
346 1865 412 1920 diss.
434 1864 527 1938 inaug.
551 1865 588 1920 de
611 1863 726 1922 historia
749 1865 913 1941 chirurgiae.
956 1865 1059 1922 Edinb.
1085 1858 1177 1922 1816.
1205 1859 1235 1923 8.

1 1948 3 2042 l
106 1947 150 2005 Μ.
176 1947 222 2007 W.
252 1947 377 2006 lllandt
397 1949 497 2005 lturzer
524 1948 629 2005 Umriss
656 1951 706 2006 der
733 1949 902 2008 Geschichte
929 1951 980 2007 der
1006 1949 1152 2024 Chirurgie
1179 1948 1221 2006 bis
1243 1968 1278 2005 zu

153 2029 287 2107 Ansange
310 2051 406 2090 unsers
431 2032 634 2091 Jahrhunderts
662 2035 745 2093 nebat
776 2037 863 2094 einem
893 2035 971 2092 Blick
995 2035 1047 2094 aul
1077 2033 1123 2090 die
1154 2032 1279 2108 Bildnng

152 2118 206 2174 der
227 2118 402 2176 Wundiirzte
422 2116 449 2174 in
465 2117 606 2192 England.
638 2117 810 2194 Programm.
847 2113 1128 2182 Greilswald1833.
1156 2114 1186 2178 8.
1216 2124 1278 2188 (Se-

153 2198 263 2250 cundum
280 2199 365 2250 fontes
383 2197 562 2265 recentiores.)

104 2271 155 2329 Jo.
179 2271 262 2334 Mich.
292 2271 474 2329 Wilhelmi
496 2271 610 2328 reflexio
635 2271 810 2348 apologetica
824 2272 853 2328 in
876 2291 932 2347 qua
948 2271 1142 2349 praecedentia
1153 2277 1183 2328 et
1196 2289 1278 2348 prae-

150 2357 281 2431 rogativa
309 2357 375 2412 artis
405 2356 574 2430 chirurgicae
602 2363 668 2413 ante
696 2357 946 2433 pharmaceuticum
977 2356 1130 2414 luculenter
1153 2356 1277 2412 vindica·

150 2446 206 2503 tur,
245 2440 354 2516 Pragae
377 2434 467 2499 1719.
495 2438 524 2502 4.
548 2451 637 2516 (Hanc
662 2453 868 2520 praecedentiam
893 2453 1021 2522 chirurgis
1046 2469 1194 2504 concessam
1219 2468 1276 2502 esse

151 2521 236 2574 literis
261 2521 447 2588 Imperatorum
466 2519 624 2572 Ferdinandi
641 2521 690 2576 lll.
710 2524 734 2576 d.
753 2523 794 2574 15.
818 2522 900 2592 April.
927 2522 1002 2587 1651,
1021 2521 1148 2590 Leopnldi
1165 2521 1188 2572 l.
1210 2519 1300 2576 (1.7.)

150 2591 234 2660 April.
253 2589 316 2645 1657
335 2599 362 2642 et
378 2589 444 2644 (1.3.
462 2589 559 2642 Octob.
580 2589 646 2644 1679
664 2591 774 2659 denique
792 2591 880 2643 deciso
899 2589 1083 2644 Universitatis
1097 2589 1237 2657 Pragensis
1249 2588 1274 2641 d.

151 2661 180 2714 4.
199 2660 346 2728 septembr.
367 2656 442 2722 1718,
461 2659 530 2726 quod
548 2658 656 2710 ulterius
674 2660 852 2712 documentum
871 2663 1029 2713 verbotenus
1048 2675 1165 2710 recusum
1186 2665 1227 2709 est
1249 2657 1274 2709 in

149 2731 309 2796 Sommlung
325 2729 428 2850 einiger
446 2728 549 2778 bicinam
569 2727 704 2794 Schriften
726 2747 778 2781 ooo
801 2729 858 2780 dem
885 2731 1025 2799 Uropruog
1044 2729 1091 2780 der
1120 2727 1274 2778 Wundora·

150 2799 221 2850 neila
253 2797 344 2849 Erfurt
363 2797 376 2848 1
395 2795 438 2852 57.
456 2795 482 2850 8.
501 2813 562 2866 pag.
582 2795 652 2863 105.)

314 2971 375 3067 Ι).
434 2967 632 3066 Lauro
680 2969 1065 3090 chtrnrntco.

101 3159 171 3221 Alb.
196 3178 223 3222 v.
245 3159 376 3218 Haller
398 3157 566 3217 bibliotheca
588 3159 755 3235 chirurgica,
781 3179 838 3236 qua
863 3160 966 3236 scripta
991 3161 1028 3216 ad
1052 3163 1140 3217 artem
1167 3158 1272 3216 chirur-

147 3245 238 3321 gicum
260 3245 389 3302 facientia
410 3263 427 3300 a
451 3263 543 3301 rerum
570 3243 653 3300 initiis
679 3253 866 3305 recensentur.
893 3245 976 3302 Tom.
1002 3244 1025 3300 l.
1052 3249 1179 3321 tempora
1206 3249 1272 3299 ante

146 3349 213 3386 anu.
243 3324 334 3389 1710.
360 3327 396 3386 Τ.
416 3327 451 3385 ll.
481 3329 517 3385 ab
545 3347 610 3385 ann.
637 3323 720 3388 1710
746 3331 783 3386 ad
816 3333 913 3386 nostra
943 3335 1080 3405 tempora.
1127 3328 1211 3385 Bern.
1242 3333 1275 3384 etv

146 3413 233 3472 Basit.
256 3408 347 3472 1774.
371 3407 461 3472 1775.
486 3408 516 3474 4.
539 3425 719 3488 (Enumeratio
739 3425 914 3494 copiosissima
934 3443 990 3478 cum
1009 3423 1166 3491 argumentis
1186 3431 1213 3474 et
1225 3423 1269 3489 ju-

148 3495 233 3559 diciis,
249 3495 364 3546 continet
377 3493 451 3546 simul
462 3492 698 3563 ophthalmologica
710 3504 736 3548 et
751 3495 784 3546 ad
803 3505 884 3546 artem
898 3494 1075 3546 obstetricium
1092 3491 1269 3562 pertinentia.)

101 3568 203 3644 steph.
230 3567 347 3627 Hieron.
369 3569 411 3624 de
431 3565 582 3642 Vigiliis
604 3586 621 3623 a
641 3567 895 3626 Kreuzenleld
919 3567 1084 3626 bibliotheca
1106 3565 1274 3640 chirurgica,

144 3653 174 3710 in
192 3670 249 3727 qna
269 3671 313 3708 res
337 3670 433 3710 omnes
453 3654 491 3709 ad
512 3652 677 3726 chirurgiam
702 3653 874 3728 pertinentes
896 3653 992 3709 ordine
1008 3651 1195 3726 alphabetico,
1216 3650 1269 3726 ipsi

145 3756 214 3794 vero
237 3738 385 3814 scriptores
408 3742 549 3812 quotquot
576 3738 612 3792 ad
637 3756 740 3793 annum
765 3756 854 3812 usquc
884 3731 966 3794 1779
992 3736 1188 3805 innotuerunt,
1222 3754 1268 3790 or-

145 3822 211 3878 dine
232 3821 430 3896 chronologico
450 3821 622 3878 exhibentur.
666 3821 787 3878 Vintlob.
812 3816 901 3884 1781.
923 3817 951 3878 4.
975 3820 1095 3878 llTom.
1122 3825 1220 3892 (Plena
1240 3833 1268 3875 et

146 3903 213 3954 bene
231 3901 335 3968 digesta
353 3900 499 3968 chirurgiae
515 3901 672 3968 literatura.)
714 3891 720 3905 '

99 3973 260 4049 Anvisning
287 3967 324 4051 pai
351 3973 465 4048 tjenlige
496 3974 599 4030 bbclter
629 3976 672 4031 lor
704 3975 767 4030 dem
796 3993 857 4030 som
885 3973 998 4030 studera
1024 3973 1192 4049 chirurgislta
1216 3992 1267 4030 re-

144 4060 312 4136 tenskapen.
355 4058 518 4116 Stockholm
540 4053 630 4118 1799.
652 4055 681 4118 8.
709 4063 837 4130 (Parvum
862 4061 1037 4132 opusculum.)

1 4323 2 4334 ἱ
188 4233 241 4305 e.
304 4205 663 4329 chirurgio
705 4206 1179 4304 recentiorum.

96 4364 185 4424 Ernst
200 4363 446 4440 Baumgarten
466 4363 665 4440 chirurgiacher
677 4360 829 4424 Almanach
839 4365 891 4421 aul
901 4363 952 4420 ‹las
964 4361 1033 4420 Jahr
1048 4356 1265 4422 1838-1841.
