2766 4878
123 242 187 314 rua
507 251 648 318 usuam
671 253 700 317 a
726 255 900 337 narona.

444 401 520 478 dd.
570 405 977 483 Antnsnltu.

121 523 196 586 Pctr.
220 523 324 584 Kalm
348 523 435 606 (resp.
456 527 506 587 Er.
527 528 705 607 Gyllenstcn)
728 531 795 590 diss.
821 533 858 590 de
878 551 931 590 usu
953 551 1036 609 quem
1057 539 1184 612 praestat
1208 534 1286 592 Zou-

163 610 239 686 logia
259 609 287 668 in
309 611 522 671 Hermeneutica
546 633 632 677 sacra.
676 615 775 674 Abone
796 611 888 680 1769.
910 611 941 680 4.

122 695 169 755 ol.
191 695 278 757 Gerh.
301 697 472 774 Tychsen
497 698 680 775 physiologus
700 701 788 776 Syrus
814 721 838 766 s,
863 701 980 761 historia
997 701 1155 762 animalium
1178 700 1287 760 XXXll

163 781 191 839 in
206 781 236 844 S.
249 781 280 838 S.
307 787 485 844 memorator.
515 783 621 859 syriace
645 803 661 842 e
682 786 746 848 cod.
770 785 834 844 bibl.
850 787 979 850 Vatican.
1000 787 1136 850 Rostocb.
1153 781 1244 850 1795.
1256 781 1287 845 8.

165 861 280 928 (Toxlus
297 879 374 931 syrus
392 879 449 915 cum
465 879 535 920 vers.
552 863 601 920 lat.
620 872 648 916 et
664 864 768 930 illustr.)

17 938 18 942 ’
120 935 217 996 Herm.
245 934 343 992 Heinr.
369 933 394 993 F
401 955 459 1013 rcy
488 937 682 1016 Grundilibus,
714 938 830 997 biblisch
852 939 1028 1012 'l'hierbuch3
1052 939 1287 1018 Ορνιθοβιβλια,

163 1018 230 1080 bibl.
255 1019 432 1096 Vogelbuch3
460 1022 674 1099 Ιχθυοβιβλια,
710 1023 776 1086 bibl.
797 1023 964 1088 Fischbueb.
1016 1023 1114 1103 Leipz.
1137 1020 1231 1082 1594.
1256 1017 1286 1080 4.

163 1100 244 1164 (Tres
260 1109 349 1171 partes
367 1117 424 1153 cum
440 1101 504 1168 ligg.
521 1100 592 1170 ligno
610 1101 698 1156 incisis
715 1103 822 1157 seorsim
840 1105 968 1172 venales.)

121 1175 198 1234 Sam.
228 1173 390 1232 Bochart
416 1174 594 1232 hierozoicon
621 1177 679 1234 sive
707 1176 868 1254 bipartitum
894 1197 966 1256 opus
992 1179 1029 1236 de
1056 1174 1223 1234 animalibus
1253 1175 1285 1236 S.

163 1259 332 1336 Scripturae.
386 1257 455 1316 Pars
484 1260 560 1336 prior
586 1261 646 1336 agit
673 1261 710 1319 de
730 1263 893 1320 animalibus
921 1264 950 1320 in
971 1280 1075 1339 genere
1098 1268 1128 1319 et
1149 1262 1186 1319 de
1213 1279 1286 1336 qua-

91 1347 92 1351 ’
162 1344 335 1422 drupedibus
357 1343 485 1422 viviparis
506 1349 535 1401 et
556 1345 685 1424 oviparis.
707 1345 738 1404 P.
760 1347 899 1424 posterior
915 1349 953 1406 dc
968 1347 1051 1420 avib.,
1078 1350 1212 1424 serpent,
1244 1345 1287 1402 in-

163 1429 255 1505 sectis,
287 1429 423 1505 aquaticis
447 1433 477 1486 et
498 1427 632 1488 fabulosis
653 1431 791 1488 animalib.
847 1430 940 1495 Lond.
967 1427 1059 1494 1663.
1088 1432 1109 1490 f.
1150 1429 1288 1492 Francus.

163 1508 256 1573 1675.
278 1516 298 1572 t'.
328 1513 415 1591 (Cum
440 1513 499 1572 aliis
525 1532 591 1591 opp.
617 1515 668 1572 B.:
697 1513 794 1592 Lugd.
820 1517 885 1575 Bat.
913 1511 1005 1580 1692.
1031 1518 1050 1574 f.
1072 1516 1110 1573 ib.
1133 1508 1229 1573 1712.
1254 1515 1287 1584 f.)

161 1597 275 1660 Hieron.
296 1599 433 1656 recensuit
453 1597 509 1656 suis
528 1599 602 1656 notis
616 1599 732 1675 adjectis
754 1600 821 1658 Em.
839 1600 917 1662 Frid.
934 1601 998 1664 Car.
1020 1599 1287 1660 Rosenmiiller.

160 1682 238 1762 Lipa.
264 1678 356 1744 1793.
377 1701 419 1760 sq.
444 1679 474 1744 4.
499 1683 570 1742 Voll.
592 1683 641 1744 Ill.
663 1689 754 1758 (Opus
765 1689 872 1759 plenum
889 1697 918 1742 et
935 1689 1167 1756 eruditissimum.)

118 1769 164 1834 Jo.
190 1769 279 1830 chr.
307 1767 423 1844 Majus
451 1767 608 1827 animalium
634 1770 662 1827 in
689 1788 768 1828 sacro
800 1772 897 1830 codice
921 1777 1138 1830 memoraturum
1160 1768 1289 1828 historia.

161 1853 292 1917 Francos.
318 1859 347 1912 et
372 1853 472 1930 Spirae
494 1848 615 1929 (1685.)
631 1849 661 1918 8.

118 1939 164 1999 Jo.
190 1939 322 1996 Steuch
344 1937 429 2016 (resp.
451 1937 495 1994 Jo.
517 1937 673 2009 Palmroot)
695 1937 873 1999 hierozoicon
894 1959 917 2004 s.
937 1940 1030 1998 brevis
1042 1937 1190 1999 delineatio
1201 1957 1290 2018 prae-

161 2023 305 2100 cipnorum
327 2021 483 2080 animalium
504 2021 677 2082 biblicorum.
721 2024 820 2102 Upsal.
843 2018 936 2084 1718.
959 2020 989 2088 8.

119 2107 196 2167 Frid.
218 2107 277 2164 Jac
300 2107 463 2164 Schoder
484 2106 632 2170 hierozoici
649 2128 683 2168 ex
703 2109 733 2166 S.
749 2109 901 2184 Bocharto,
929 2109 1074 2168 itinerariis
1098 2107 1181 2165 variis
1209 2106 1289 2164 aliis-

161 2209 218 2270 que
239 2191 441 2250 commentariis
462 2194 608 2269 compositi
629 2195 740 2272 specim.
756 2193 861 2254 1-111.
886 2193 1011 2270 Tubing.
1024 2186 1246 2254 1784-1786.
1258 2188 1288 2251 8.

119 2277 153 2342 C.
184 2276 376 2352 Thunberg
413 2274 589 2354 Athandling
616 2297 661 2336 om
690 2279 727 2336 de
758 2279 841 2354 djur,
880 2296 942 2337 som
967 2279 977 2335 i
1007 2277 1122 2336 Bibelen
1154 2277 1288 2336 omtalas.
1367 2330 1368 2333 ,

160 2361 259 2440 Upsal.
289 2355 380 2423 1826.
401 2359 432 2422 4.
455 2366 562 2432 (Plures
583 2374 677 2437 partes
698 2367 747 2418 sub
763 2367 847 2420 variis
860 2365 1111 2438 respondentibus.)

119 2448 240 2507 Godosr.
261 2444 392 2503 Miiller
415 2447 583 2526 Θηρολογια
604 2447 703 2506 biblica
724 2450 869 2507 continens
886 2449 1101 2527 quadrupedum
1111 2445 1289 2504 terrestrium

159 2534 189 2591 in
210 2531 294 2590 sacris
313 2529 398 2616 literis
419 2537 576 2592 contentos.
598 2531 819 2610 explicationem.
861 2533 953 2592 Viteb.
985 2527 1076 2593 1676.
1101 2525 1131 2590 8.

117 2618 223 2679 Salam.
244 2633 309 2673 van
330 2614 389 2674 Til
412 2615 543 2692 zoolom‘a
568 2635 591 2674 s.
618 2620 832 2676 commentarius
857 2613 1224 2678 historico-emblematicus
1249 2615 1289 2672 de

159 2699 322 2762 animalibus
373 2700 602 2778 quadrupedibus
633 2705 660 2761 in
692 2703 723 2765 S.
752 2703 897 2780 Scriptura
927 2703 1094 2762 memoratis.
1143 2698 1289 2758 Dordraoi

160 2781 253 2848 1714.
274 2779 304 2846 4.
326 2783 437 2842 Accedit
460 2786 497 2844 ud
519 2785 618 2860 Ejusd.
640 2787 808 2846 tabernacul.
832 2787 918 2846 Musis
939 2807 1005 2866 pag.
1029 2783 1099 2846 139.
1120 2803 1164 2860 sq.

116 2872 228 2934 theou.
250 2867 413 2926 Hasaeus
434 2870 471 2928 de
495 2867 643 2928 Liviathan
667 2871 734 2929 Jobi
755 2878 784 2930 et
805 2871 877 2930 Ceto
897 2872 996 2931 Jonae.
1038 2873 1132 2930 Brem.
1145 2862 1241 2931 1723.
1254 2863 1287 2930 8.

161 2951 233 3014 (lilia
250 2949 311 3002 vida
329 2951 377 3002 sub
393 2949 459 3001 libro
475 2949 526 3003 Job
545 2955 573 3002 et
590 2951 683 3020 proph.
700 2949 791 3019 Jona.)

116 3025 206 3088 Andr,
226 3021 359 3081 Norrel
377 3021 497 3080 diatriba
521 3024 559 3080 de
579 3024 678 3080 avibus
707 3043 757 3082 esu
781 3025 869 3082 licitis.
914 3022 1013 3100 Upsal.
1035 3016 1129 3084 1746.
1153 3015 1183 3080 4.

116 3112 161 3173 Jo.
183 3107 249 3166 Chr.
273 3105 512 3166 Hebenstreit
528 3107 610 3184 (resp.
632 3107 677 3165 Jo.
699 3108 796 3166 Erdm.
821 3109 931 3182 Valter)
959 3108 1024 3164 diss.
1046 3107 1158 3182 aquilae
1180 3109 1288 3162 natura

159 3214 176 3254 e
198 3193 282 3251 sacris
303 3190 401 3248 litteris
423 3196 452 3248 et
478 3191 531 3250 hae
558 3192 675 3250 vicissim
703 3212 738 3251 ex
763 3193 880 3251 historia
900 3191 1020 3250 naturali
1036 3189 1074 3250 'et
1093 3189 1287 3248 monumentis

157 3285 283 3338 veterum
303 3275 462 3334 illustratae.
505 3275 584 3354 Lips.
608 3271 699 3338 1747.
720 3273 751 3338 4.

115 3366 163 3426 Jo.
183 3361 483 3422 Bustamantinns
503 3361 563 3435 (Jo.
583 3363 619 3420 de
635 3359 833 3438 Bustamante)
846 3363 882 3419 de
893 3359 1037 3438 reptilibus
1052 3375 1118 3414 vere
1133 3355 1288 3416 animanti-

157 3450 210 3508 bus
216 3447 376 3524 Scripturae
383 3446 486 3504 Sacrae
497 3445 631 3510 v01‚1.11.
643 3447 785 3525 Compluti
796 3440 1007 3520 1591.(1595.)
1013 3439 1042 3502 4.
1051 3441 1143 3517 Lugd.
1152 3435 1243 3498 1620.
1252 3435 1285 3498 8.

116 3534 206 3593 Olaus
230 3529 399 3590 Rudbeclr
421 3531 503 3607 (jun.)
525 3531 715 3609 ichthyologia
734 3532 842 3594 biblica.
885 3529 985 3608 Upsal.
1006 3519 1238 3588 1705-1722.
1251 3521 1285 3584 4.
1373 3537 1375 3568 ²

115 3619 227 3695 Eugcn.
254 3616 297 3673 Jo.
323 3613 414 3690 Cbpb.
439 3615 554 3692 Esper
578 3637 674 3694 progr.
698 3619 734 3675 de
757 3615 919 3675 animalibus
941 3613 1062 3692 oviparis
1085 3615 1114 3668 ct
1135 3609 1211 3668 sanie
1230 3609 1285 3666 sri-
1374 3659 1375 3688 3

158 3703 226 3780 gida
246 3699 380 3778 praeditis
402 3700 430 3756 in
451 3700 628 3778 cataclysmo,
651 3719 735 3777 quem
757 3701 841 3758 subiit
863 3700 938 3760 orbis
966 3705 1116 3768 terrarum,
1139 3693 1285 3773 plerisque
1373 3693 1375 3752 i

158 3787 248 3844 salvis.
291 3782 407 3858 Erlang.
431 3779 521 3844 1783.
542 3781 572 3842 4.
1374 3785 1375 3844 ἶ

115 3868 397 3933 Jo.Jac.Scheuch
405 3887 463 3926 zer
473 3869 605 3947 physicae
617 3885 711 3928 sacrae
723 3868 862 3948 specimen
872 3868 908 3926 de
917 3866 1040 3928 locustis.
1052 3855 1282 3926 Turinum.
1374 3901 1375 3928 .

336 4069 383 4136 c.
439 4053 858 4138 Testamentum
889 4055 1060 4134 notus.

495 4207 568 4261 ao.
615 4187 901 4262 deneratam.

115 4316 181 4378 Chr.
205 4314 313 4374 Tubias
333 4311 466 4390 Ephraim
491 4311 673 4370 Reinbard
695 4310 974 4386 Bibellrranlrheiten,
1005 4306 1170 4366 waleheim
1204 4303 1282 4363 alten

157 4397 341 4460 Testamenta
366 4398 556 4460 vorkommen.
605 4394 697 4456 Nebst
724 4393 864 4473 Augustin
883 4393 1064 4454 Kalmet’s
1091 4389 1285 4466 Abhandlung
