2766 4878
140 278 203 348 148
647 283 805 346 Anatomia.
1367 203 1370 420 1

1368 445 1370 502 1

140 437 203 502 Gir.
235 435 368 498 Bidloo
397 437 464 498 diss.
489 438 527 497 cle
557 437 724 516 antiquitate
760 445 915 499 anatomes.
950 436 1045 515 Lagd.
1075 437 1143 499 Bet.
1172 429 1307 496 lustr.

185 518 296 590 (Oratio
313 519 474 588 inauguratis
491 519 526 573 sd
543 520 653 590 profess.
673 527 805 576 suetonios
822 521 849 576 13
867 521 943 576 aud.
961 519 1106 588 laeideusi.)
1304 584 1307 588 ,

139 593 185 652 Jo.
207 591 308 651 Franc.
329 612 397 650 ran
419 590 616 670 Leempoel
637 595 778 671 specimen
804 597 898 671 inaug.
927 594 1059 652 exhibens
1086 595 1234 650 anatomes
1256 587 1309 646 ori·

181 678 287 755 31333,
306 695 485 756 progressum
507 683 537 736 et
557 678 659 736 deinde
681 697 778 738 ornnes
801 699 901 758 paene,
918 698 1038 754 quorum
1058 677 1168 753 scriptis
1186 675 1226 732 ab
1245 671 1309 731 Alc·

182 781 299 821 3333333
321 763 359 820 acl
383 762 542 820 Harraenm
565 781 654 838 usque
675 771 806 841 promota
827 771 880 838 est,
902 771 1040 825 auctores.
1062 761 1144 820 Leid.
1167 753 1264 822 1725.
1279 753 1307 816 4.

183 843 364 912 (Douglasiurn
382 843 522 912 praecipue
539 843 679 912 requitur.)

140 916 213 977 Gco.
235 917 303 978 Chr.
328 913 472 974 Maternus
498 917 541 976 de
568 917 700 976 Cilano
733 937 829 996 progr.
858 918 895 977 de
927 915 1101 976 incrementis
1140 911 1309 972 anatomiae.
1369 971 1370 976 ,

182 1000 288 1060 Altona
310 995 403 1061 1740.
424 996 455 1058 4.
1367 979 1370 1104 1

139 1083 207 1148 Ant.
229 1084 354 1143 Portal
378 1085 493 1143 histoire
512 1085 549 1144 de
565 1081 725 1144 l'anatomie
745 1089 775 1142 et
794 1085 831 1142 de
846 1084 875 1143 13
896 1085 1042 1162 chirurgus,
1064 1087 1220 1143 contenent
1235 1080 1309 1138 l’ori-
1368 1107 1370 1160 3

183 1170 249 1246 gine
269 1174 299 1228 et
318 1169 360 1228 les
380 1170 498 1246 progres
520 1173 557 1228 de
581 1189 627 1228 ees
648 1171 779 1228 sciences.
807 1169 871 1233 Vol.
893 1170 1006 1236 I-,-·V.
1035 1169 1113 1228 Paris
1140 1162 1237 1227 1770.
1261 1161 1308 1236 8.;
1368 1163 1370 1236 l

182 1253 246 1316 Vol.
267 1253 317 1317 Vl.
340 1253 469 1314 Tableau
489 1255 709 1330 chronologique
730 1255 780 1314 dss
801 1274 939 1331 ouvrages
953 1261 983 1314 et
999 1255 1050 1312 des
1069 1251 1241 1332 principales
1261 1251 1309 1307 de-
1368 1241 1370 1344 Ξ

124 1355 126 1359 ’
181 1345 328 1400 convertes
348 1339 518 1398 d’auatomie
538 1345 568 1398 et
589 1341 626 1398 de
650 1341 787 1416 chirurgie
807 1359 859 1418 par
886 1341 971 1398 ordre
995 1341 1032 1398 de
1056 1340 1195 1400 maneres.
1232 1334 1309 1394 Paris
1368 1345 1370 1390 i

183 1418 276 1486 1773.
296 1419 327 1485 8.
365 1435 453 1519 (Opus
477 1437 609 1506 copiosum
626 1437 728 1490 notitiis
746 1437 868 1490 iitersriis
885 1455 937 1490 non
954 1453 1056 1504 semper
1072 1435 1139 1489 satis
1152 1432 1308 1518 ’accuratim

183 1506 232 1558 eir.
259 1505 284 1558 J.
311 1505 435 1558 Goslcn
460 1507 538 1559 lettre
562 1509 581 1559 ὰ
606 1507 780 1571 illiterato,
807 1524 842 1558 ou
864 1508 975 1576 critique
999 1507 1031 1560 rte
1053 1507 1188 1560 t’histosre
1219 1505 1254 1556 de
1271 1503 1309 1557 M.
1368 1529 1370 1564 ι

188 1573 289 1632 Portet.
319 1574 397 1626 Paris
415 1572 490 1630 1772.
509 1573 535 1630 8.
555 1581 582 1628 et
600 1575 651 1628 sliu
668 1575 766 1644 scripta
783 1575 905 1642 minora.)

139 1645 215 1709 Wili.
237 1644 267 1704 N
273 1646 439 1706 orthcote
460 1665 478 1704 a
502 1649 611 1706 concise
632 1648 738 1724 history
763 1649 798 1706 of
814 1648 863 1706 the
886 1651 1020 1724 anatomy
1038 1646 1112 1706 from
1132 1645 1181 1704 the
1200 1643 1311 1704 earliest

181 1750 257 1807 aget.
290 1729 383 1789 Lond.
409 1725 502 1794 1772.
523 1727 555 1793 8.
581 1737 656 1804 (Non
677 1736 823 1803 laudatur.)

139 1813 234 1875 Pierre
257 1813 394 1873 Lassus
419 1817 490 1874 essai
514 1836 553 1875 ou
573 1818 698 1875 discours
722 1817 876 1893 historiqne
898 1823 927 1875 et
947 1814 1064 1892 critique
1079 1834 1127 1872 sur
1141 1813 1182 1872 les
1203 1813 1310 1872 deuou-

182 1906 275 1958 vertes
305 1900 387 1958 saites
413 1918 449 1958 cn
476 1903 617 1960 anatomie
646 1920 700 1980 par
729 1901 769 1960 les
790 1902 902 1959 3331333
922 1907 951 1960 et
971 1901 1011 1959 les
1033 1901 1193 1958 modemes.
1231 1897 1311 1956 Paris

183 1978 275 2044 1783.
303 1979 334 2043 8.
355 2017 398 2027 -
418 1982 543 2044 Genaua.
561 1992 627 2046 vert.
656 1987 703 2048 Jo.
727 1985 825 2046 Heiur.
851 1985 1007 2046 Crevelt
1028 1985 1085 2044 Th.
1107 1980 1135 2043 1.
1158 1978 1189 2042 2.
1226 1983 1310 2042 Bonu

182 2066 362 2146 (Franlrfurt)
389 2061 478 2131 1787.
501 2064 592 2130 1788.
618 2066 649 2133 8.

139 2153 244 2214 Thorn.
265 2150 384 2212 Leuth
408 2153 523 2213 histoire
548 2157 585 2214 de
604 2152 773 2214 l’anatomie.
798 2153 890 2213 Tome
911 2153 932 2212 1.
958 2152 1131 2228 Strasbourg
1158 2145 1256 2214 1815.
1280 2145 1308 2210 4.

183 2233 310 2356 ffippipse
326 2232 433 2355 «1133133111
450 2234 484 2356 pp
500 2235 613 2358 inrtentis
627 2235 783 2358 puztortniois
801 2243 828 2288 et
851 2236 887 2358 dp
902 2234 1069 2354 apsteuplatipa
1086 2231 1309 2356 ἰιᾶιίιιίιέιέεὲθὲἓ-

248 2321 370 2368 oe;co
422 2321 518 2356 ecrnr
570 2323 602 2362 m.
642 2345 649 2360 .
689 2321 971 2358 rsorramanaomrae
1006 2321 1018 2356 s
1056 2321 1071 2356 o
1200 2321 1219 2357 r
1300 2319 1309 2366 3

181 2371 218 2424 311
235 2373 343 2441 amplius
360 2319 478 2441 prrldiit.)
553 2323 568 2360 ⁰
1021 2320 1038 2372 q

138 2444 285 2508 Burchard
309 2443 401 2502 Adam
426 2443 569 2503 Sellius
590 2446 627 2503 de
651 2445 824 2504 anatomicae
847 2443 995 2504 historicae
1021 2443 1216 2521 scriptoribus.
1259 2441 1310 2502 Ki-

181 2529 238 2588 lon.
266 2523 358 2591 1734.
374 2523 410 2588 ’4.
435 2533 565 2601 (Eurotas
591 2534 735 2587 Goeliclrei
759 2541 788 2586 ot
805 2533 930 2586 Heistcri
953 2523 1106 2604 notantur.)

140 2615 212 2676 Gen.
233 2612 310 2672 Toh.
336 2613 704 2674 Schwendendhrifer
725 2616 812 2693 (resp.
836 2615 934 2677 Joach.
960 2611 1050 2672 Andr.
1077 2611 1232 2690 Corvinus)
1253 2629 1310 2670 me·

181 2699 308 2757 dicorum
328 2704 479 2774 anatomen
496 2699 559 2775 jure
574 2701 667 2758 divino
692 2705 721 2758 et
741 2701 862 2758 hnmano
890 2700 992 2758 licitum
1014 2716 1084 2756 esse.
1111 2695 1191 2775 Lips.
1219 2690 1309 2756 1663.

154 2803 158 2810 ’
181 2777 227 2855 4.;
252 2783 319 2846 ibid.
346 2779 438 2846 1690.
460 2779 489 2847 4.
513 2789 730 2858 (Respondentis
754 2793 844 2858 opus.)

139 2867 231 2945 Chph.
244 2935 246 2942 γ
260 2867 319 2931 Jao.
341 2867 443 2926 Trew
474 2860 699 2944 Vertheidigung
728 2871 778 2927 der
804 2866 954 2927 Anatomie
980 2865 1069 2924 durch
1094 2865 1175 2924 einen
1199 2865 1310 2942 grind-

181 2951 271 3011 lichen
292 2951 426 3028 Beweiss‚
448 2952 513 3008 dass
535 2953 581 3010 die
602 2953 823 3029 Zergliedcrung
848 2953 930 3010 deren
949 2950 1100 3010 Meuschen
1122 2951 1183 3008 nud
1204 2950 1309 3010 Thiere
1369 2999 1370 3006 ,

180 3035 270 3095 sorrol
291 3035 331 3094 als
349 3037 399 3093 das
418 3034 605 3094 Authehalten
631 3039 712 3096 derer
733 3037 937 3096 menschlicheu
957 3035 1057 3094 Theile
1072 3035 1148 3094 nicht
1164 3055 1220 3093 nur
1239 3035 1309 3093 nach
1369 3049 1370 3054 ’

141 3191 144 3198 ⁴
181 3120 253 3178 allen
276 3119 430 3196 glittlicheu
451 3121 509 3178 und
534 3121 737 3180 menschlicheu
759 3123 899 3181 Gesetzen
924 3120 1065 3193 erlaubet‚
1091 3119 1217 3179 sondern
1240 3119 1309 3178 auch
1369 3133 1370 3136 ’

181 3223 217 3263 33
236 3204 293 3262 sich
315 3203 437 3264 selbsten
459 3205 535 3262 nicht
556 3206 723 3264 veriichtlich
746 3225 804 3284 sey.
846 3205 999 3281 Nirrnberg
1020 3199 1113 3263 1729.
1139 3197 1169 3262 4.
1369 3191 1370 3220 ¹

138 3287 208 3348 Phil.
233 3285 287 3348 Ad.
314 3289 440 3348 Ulrich
462 3290 590 3364 quaestio
619 3309 655 3349 an
679 3291 793 3348 medicis
816 3310 935 3369 corpore
962 3296 1151 3369 peremturum
1176 3289 1217 3347 ad
1243 3305 1309 3347 aua·
1369 3339 1370 3372 p

180 3383 276 3434 tomen
297 3375 488 3434 concedenda.
530 3373 608 3454 Lips.
631 3369 724 3436 1733.
748 3369 780 3436 4.
1368 3377 1370 3444 t

137 3457 303 3524 13133313.
329 3459 472 3518 Gotthard
493 3459 611 3518 Sturm
633 3459 669 3518 de
690 3479 724 3518 eo
745 3459 823 3536 quod
845 3457 953 3534 justum
980 3464 1023 3517 est
1050 3456 1122 3518 circa
1147 3461 1306 3516 anatomen.
1368 3539 1370 3558 Ι

180 3541 317 3601 Rostoch.
343 3537 433 3602 1755.
462 3537 494 3606 4.

138 3623 185 3688 Jo.
206 3625 271 3692 Nic.
297 3627 391 3685 Held
418 3627 556 3698 Beweiss,
581 3627 648 3684 dass
670 3626 717 3684 die
744 3625 903 3684 iiffentliohe
923 3623 1073 3684 Anatomie
1097 3625 1187 3683 ciuem
1210 3627 1307 3684 Stante

181 3711 365 3788 nothwendig
384 3713 444 3770 und
463 3712 491 3769 13
512 3710 639 3770 Rechten
671 3713 829 3786 gegriindet
856 3730 914 3787 sey.
970 3709 1135 3768 Darmstadt
1162 3705 1256 3773 1762.
1276 3705 1304 3768 4.

137 3795 543 3874 13.Η.Η3331333,,ρ3313
572 3794 720 3880 analyseos
741 3795 955 3856 mathematicae
985 3799 1014 3854 et
1041 3795 1216 3856 anatomicae
1240 3797 1305 3857 fata.

131 3877 275 3965 (rso.
296 3874 390 3943 rsus.
411 3876 441 3944 s.

357 4067 418 4162 h.
453 4063 676 4178 Miri
716 4063 1093 4176 anatomici.

137 4233 227 4300 Andr.
259 4235 392 4295 Ottomar
421 4235 597 4295 Gocliclre
621 4235 737 4293 historia
771 4235 929 4294 anatomiae
955 4253 1030 4294 nova
1059 4251 1150 4309 aeque
1176 4223 1211 4290 ac
1236 4231 1307 4291 anti·

181 4339 247 4398 que,
270 4341 333 4380 oum
355 4323 463 4382 decade
488 4322 563 4384 obss.
580 4321 669 4399 phys.
689 4325 764 4384 anat.
789 4321 856 4378 chir.
879 4320 945 4382 Hal.
970 4314 1065 4382 1713.
1087 4313 1116 4378 8.
1129 4315 1304 4394 -Ejnsrh
1369 4345 1370 4348 ¹

180 4407 349 4469 introductio
372 4409 401 4470 iu
422 4407 565 4468 historiam
591 4406 753 4466 litterariam
779 4411 925 4466 anatomes
948 4423 999 4496 seu
1023 4407 1189 4485 conspectus
1216 4402 1306 4483 plero-
