<?xml version="1.0" encoding="UTF-8"?>
<!DOCTYPE html PUBLIC "-//W3C//DTD XHTML 1.0 Transitional//EN"
    "http://www.w3.org/TR/xhtml1/DTD/xhtml1-transitional.dtd">
<html xmlns="http://www.w3.org/1999/xhtml" xml:lang="en" lang="en">
 <head>
  <title>
</title>
<meta http-equiv="Content-Type" content="text/html;charset=utf-8" />
  <meta name='ocr-system' content='tesseract 3.04.00' />
  <meta name='ocr-capabilities' content='ocr_page ocr_carea ocr_par ocr_line ocrx_word'/>
</head>
<body>
  <div class='ocr_page' id='page_1' title='image "./bibliothecamedi01chougoog_0018.png"; bbox 0 0 2808 4872; ppageno 0'>
   <div class='ocr_carea' id='block_1_1' title="bbox 120 273 953 336">
    <p class='ocr_par' dir='ltr' id='par_1_1' title="bbox 120 273 953 336">
     <span class='ocr_line' id='line_1_1' title="bbox 120 273 953 336; baseline -0.005 0"><span class='ocrx_word' id='word_1_1' title='bbox 120 274 141 336; x_wconf 88' lang='grc'><strong>4</strong></span> <span class='ocrx_word' id='word_1_2' title='bbox 457 275 583 336; x_wconf 73' lang='lat' dir='ltr'><strong>Historia</strong></span> <span class='ocrx_word' id='word_1_3' title='bbox 606 275 759 335; x_wconf 73' lang='lat' dir='ltr'>medicinae</span> <span class='ocrx_word' id='word_1_4' title='bbox 784 273 953 334; x_wconf 78' lang='lat' dir='ltr'><strong>universalis.</strong></span> 
     </span>
    </p>
   </div>
   <div class='ocr_carea' id='block_1_2' title="bbox 93 385 1286 563">
    <p class='ocr_par' dir='ltr' id='par_1_2' title="bbox 93 385 1286 563">
     <span class='ocr_line' id='line_1_2' title="bbox 164 385 1286 504; baseline 0 -26"><span class='ocrx_word' id='word_1_5' title='bbox 164 425 207 478; x_wconf 87' lang='lat' dir='ltr'><strong>bic</strong></span> <span class='ocrx_word' id='word_1_6' title='bbox 224 425 251 478; x_wconf 91' lang='lat' dir='ltr'><strong>in</strong></span> <span class='ocrx_word' id='word_1_7' title='bbox 270 423 383 477; x_wconf 80' lang='lat' dir='ltr'><strong>Arabum</strong></span> <span class='ocrx_word' id='word_1_8' title='bbox 397 421 525 478; x_wconf 83' lang='lat' dir='ltr'><strong>medicina</strong></span> <span class='ocrx_word' id='word_1_9' title='bbox 548 424 681 478; x_wconf 83' lang='lat' dir='ltr'><strong>haesitans</strong></span> <span class='ocrx_word' id='word_1_10' title='bbox 703 441 769 494; x_wconf 85' lang='lat' dir='ltr'><strong>opor</strong></span> <span class='ocrx_word' id='word_1_11' title='bbox 790 385 841 478; x_wconf 87' lang='grc'><strong>000</strong></span> <span class='ocrx_word' id='word_1_12' title='bbox 866 421 901 477; x_wconf 82' lang='grc'><strong>01</strong></span> <span class='ocrx_word' id='word_1_13' title='bbox 923 421 1000 475; x_wconf 84' lang='lat' dir='ltr'><strong>finem</strong></span> <span class='ocrx_word' id='word_1_14' title='bbox 1017 420 1149 504; x_wconf 81' lang='lat' dir='ltr'><strong>perduxit.</strong></span> <span class='ocrx_word' id='word_1_15' title='bbox 1184 422 1286 478; x_wconf 78' lang='lat' dir='ltr'><strong>stains</strong></span> 
     </span>
     <span class='ocr_line' id='line_1_3' title="bbox 93 489 1244 563; baseline -0.003 -16"><span class='ocrx_word' id='word_1_16' title='bbox 93 525 94 529; x_wconf 61' lang='lat'><em>=</em></span> <span class='ocrx_word' id='word_1_17' title='bbox 164 493 213 547; x_wconf 86' lang='lat' dir='ltr'><strong>sibi</strong></span> <span class='ocrx_word' id='word_1_18' title='bbox 230 499 419 563; x_wconf 85' lang='lat' dir='ltr'><strong>proposuerant</strong></span> <span class='ocrx_word' id='word_1_19' title='bbox 435 491 581 558; x_wconf 79' lang='lat' dir='ltr'><strong>lieinesiur,</strong></span> <span class='ocrx_word' id='word_1_20' title='bbox 599 493 714 558; x_wconf 86' lang='lat' dir='ltr'><strong>Welsch,</strong></span> <span class='ocrx_word' id='word_1_21' title='bbox 733 492 824 562; x_wconf 84' lang='lat' dir='ltr'><strong>Aegid.</strong></span> <span class='ocrx_word' id='word_1_22' title='bbox 843 492 964 559; x_wconf 88' lang='lat' dir='ltr'><strong>Menage,</strong></span> <span class='ocrx_word' id='word_1_23' title='bbox 983 489 1048 546; x_wconf 90' lang='lat' dir='ltr'><strong>Phrl.</strong></span> <span class='ocrx_word' id='word_1_24' title='bbox 1066 491 1158 544; x_wconf 77' lang='lat' dir='ltr'><strong>Labbd</strong></span> <span class='ocrx_word' id='word_1_25' title='bbox 1175 491 1244 560; x_wconf 82' lang='lat' dir='ltr'><strong>alii.)</strong></span> 
     </span>
    </p>
   </div>
   <div class='ocr_carea' id='block_1_3' title="bbox 120 564 1288 896">
    <p class='ocr_par' dir='ltr' id='par_1_3' title="bbox 120 564 1288 896">
     <span class='ocr_line' id='line_1_4' title="bbox 120 564 1288 642; baseline -0.004 -14"><span class='ocrx_word' id='word_1_26' title='bbox 120 567 245 628; x_wconf 83' lang='lat' dir='ltr'><strong>Eduard</strong></span> <span class='ocrx_word' id='word_1_27' title='bbox 269 565 438 624; x_wconf 85' lang='lat' dir='ltr'><strong>Milward</strong></span> <span class='ocrx_word' id='word_1_28' title='bbox 459 566 573 625; x_wconf 88' lang='lat' dir='ltr'><strong>circular</strong></span> <span class='ocrx_word' id='word_1_29' title='bbox 593 566 675 624; x_wconf 89' lang='lat' dir='ltr'><strong>letter</strong></span> <span class='ocrx_word' id='word_1_30' title='bbox 697 566 821 641; x_wconf 85' lang='lat' dir='ltr'><strong>desiring</strong></span> <span class='ocrx_word' id='word_1_31' title='bbox 842 565 995 622; x_wconf 76' lang='lat' dir='ltr'><strong>assistance</strong></span> <span class='ocrx_word' id='word_1_32' title='bbox 1015 565 1044 620; x_wconf 92' lang='lat' dir='ltr'><strong>in</strong></span> <span class='ocrx_word' id='word_1_33' title='bbox 1072 564 1224 642; x_wconf 89' lang='lat' dir='ltr'><strong>compiling</strong></span> <span class='ocrx_word' id='word_1_34' title='bbox 1248 583 1288 623; x_wconf 88' lang='lat' dir='ltr'><strong>an</strong></span> 
     </span>
     <span class='ocr_line' id='line_1_5' title="bbox 162 645 1285 728; baseline -0.004 -19"><span class='ocrx_word' id='word_1_35' title='bbox 162 652 268 726; x_wconf 80' lang='lat' dir='ltr'><strong>history</strong></span> <span class='ocrx_word' id='word_1_36' title='bbox 289 650 324 706; x_wconf 80' lang='lat' dir='ltr'><strong>oi</strong></span> <span class='ocrx_word' id='word_1_37' title='bbox 341 651 463 728; x_wconf 80' lang='lat' dir='ltr'><strong>physiclr.</strong></span> <span class='ocrx_word' id='word_1_38' title='bbox 497 649 590 708; x_wconf 89' lang='lat' dir='ltr'><strong>Lond.</strong></span> <span class='ocrx_word' id='word_1_39' title='bbox 613 645 704 710; x_wconf 87' lang='grc'><strong>1746.</strong></span> <span class='ocrx_word' id='word_1_40' title='bbox 730 645 759 708; x_wconf 93' lang='grc'><strong>8.</strong></span> <span class='ocrx_word' id='word_1_41' title='bbox 787 654 926 722; x_wconf 84' lang='lat' dir='ltr'><strong>(Historia</strong></span> <span class='ocrx_word' id='word_1_42' title='bbox 939 653 1000 722; x_wconf 90' lang='lat' dir='ltr'><strong>ipsa</strong></span> <span class='ocrx_word' id='word_1_43' title='bbox 1009 669 1142 722; x_wconf 91' lang='lat' dir='ltr'><strong>nunquam</strong></span> <span class='ocrx_word' id='word_1_44' title='bbox 1154 652 1285 722; x_wconf 84' lang='lat' dir='ltr'><strong>prodiit.)</strong></span> 
     </span>
     <span class='ocr_line' id='line_1_6' title="bbox 121 729 1288 812; baseline -0.004 -17"><span class='ocrx_word' id='word_1_45' title='bbox 121 733 225 798; x_wconf 76' lang='lat' dir='ltr'><strong>hutou.</strong></span> <span class='ocrx_word' id='word_1_46' title='bbox 242 734 372 792; x_wconf 81' lang='lat' dir='ltr'><strong>German.</strong></span> <span class='ocrx_word' id='word_1_47' title='bbox 400 736 440 794; x_wconf 92' lang='lat' dir='ltr'><strong>de</strong></span> <span class='ocrx_word' id='word_1_48' title='bbox 461 732 634 792; x_wconf 83' lang='lat' dir='ltr'><strong>Albertin</strong></span> <span class='ocrx_word' id='word_1_49' title='bbox 659 729 828 812; x_wconf 87' lang='lat' dir='ltr'><strong>prodromus</strong></span> <span class='ocrx_word' id='word_1_50' title='bbox 842 734 1009 792; x_wconf 84' lang='lat' dir='ltr'><strong>recensionis</strong></span> <span class='ocrx_word' id='word_1_51' title='bbox 1031 734 1140 792; x_wconf 87' lang='lat' dir='ltr'><strong>criticae</strong></span> <span class='ocrx_word' id='word_1_52' title='bbox 1153 733 1288 792; x_wconf 80' lang='lat' dir='ltr'><strong>historiae</strong></span> 
     </span>
     <span class='ocr_line' id='line_1_7' title="bbox 162 818 1285 896; baseline -0.005 -16"><span class='ocrx_word' id='word_1_53' title='bbox 162 821 301 889; x_wconf 91' lang='lat' dir='ltr'><strong>medicae,</strong></span> <span class='ocrx_word' id='word_1_54' title='bbox 335 837 398 876; x_wconf 91' lang='lat' dir='ltr'><strong>cum</strong></span> <span class='ocrx_word' id='word_1_55' title='bbox 430 818 714 876; x_wconf 86' lang='lat' dir='ltr'><strong>animadversionibus</strong></span> <span class='ocrx_word' id='word_1_56' title='bbox 742 820 902 876; x_wconf 84' lang='lat' dir='ltr'><strong>anatomicis</strong></span> <span class='ocrx_word' id='word_1_57' title='bbox 933 823 961 876; x_wconf 93' lang='lat' dir='ltr'><strong>et</strong></span> <span class='ocrx_word' id='word_1_58' title='bbox 991 819 1128 896; x_wconf 88' lang='lat' dir='ltr'><strong>practicis.</strong></span> <span class='ocrx_word' id='word_1_59' title='bbox 1183 818 1285 876; x_wconf 89' lang='lat' dir='ltr'><strong>Viena.</strong></span> 
     </span>
    </p>
   </div>
   <div class='ocr_carea' id='block_1_4' title="bbox 162 897 1286 1124">
    <p class='ocr_par' dir='ltr' id='par_1_4' title="bbox 162 897 1286 1124">
     <span class='ocr_line' id='line_1_8' title="bbox 162 897 1286 985; baseline 0.003 -23"><span class='ocrx_word' id='word_1_60' title='bbox 162 901 256 966; x_wconf 74' lang='lat' dir='ltr'><strong>Austr.</strong></span> <span class='ocrx_word' id='word_1_61' title='bbox 279 897 372 961; x_wconf 80' lang='lat'><strong>1765.</strong></span> <span class='ocrx_word' id='word_1_62' title='bbox 394 897 424 962; x_wconf 86' lang='grc'><strong>8.</strong></span> <span class='ocrx_word' id='word_1_63' title='bbox 468 914 554 985; x_wconf 84' lang='lat' dir='ltr'><strong>(Opus</strong></span> <span class='ocrx_word' id='word_1_64' title='bbox 571 916 664 984; x_wconf 82' lang='lat' dir='ltr'><strong>majus,</strong></span> <span class='ocrx_word' id='word_1_65' title='bbox 682 915 724 968; x_wconf 88' lang='lat' dir='ltr'><strong>cui</strong></span> <span class='ocrx_word' id='word_1_66' title='bbox 741 915 893 984; x_wconf 83' lang='lat' dir='ltr'><strong>prodromos</strong></span> <span class='ocrx_word' id='word_1_67' title='bbox 910 931 968 967; x_wconf 80' lang='lat' dir='ltr'><strong>ersa</strong></span> <span class='ocrx_word' id='word_1_68' title='bbox 985 915 1098 967; x_wconf 86' lang='lat' dir='ltr'><strong>debebat</strong></span> <span class='ocrx_word' id='word_1_69' title='bbox 1115 913 1157 967; x_wconf 92' lang='lat' dir='ltr'><strong>hic</strong></span> <span class='ocrx_word' id='word_1_70' title='bbox 1173 912 1286 977; x_wconf 85' lang='lat' dir='ltr'><strong>libellus,</strong></span> 
     </span>
     <span class='ocr_line' id='line_1_9' title="bbox 164 983 1285 1054; baseline -0.001 -17"><span class='ocrx_word' id='word_1_71' title='bbox 164 1001 293 1052; x_wconf 88' lang='lat' dir='ltr'><strong>nunquam</strong></span> <span class='ocrx_word' id='word_1_72' title='bbox 311 983 394 1037; x_wconf 89' lang='lat' dir='ltr'><strong>luceru</strong></span> <span class='ocrx_word' id='word_1_73' title='bbox 412 983 494 1048; x_wconf 80' lang='lat' dir='ltr'><strong>vidit3</strong></span> <span class='ocrx_word' id='word_1_74' title='bbox 511 984 599 1054; x_wconf 83' lang='lat' dir='ltr'><strong>aliqua</strong></span> <span class='ocrx_word' id='word_1_75' title='bbox 616 985 644 1038; x_wconf 90' lang='lat' dir='ltr'><strong>in</strong></span> <span class='ocrx_word' id='word_1_76' title='bbox 661 984 711 1038; x_wconf 91' lang='lat' dir='ltr'><strong>hoc</strong></span> <span class='ocrx_word' id='word_1_77' title='bbox 728 984 905 1053; x_wconf 89' lang='lat' dir='ltr'><strong>dijudicantur</strong></span> <span class='ocrx_word' id='word_1_78' title='bbox 914 983 984 1036; x_wconf 85' lang='lat' dir='ltr'><strong>circa</strong></span> <span class='ocrx_word' id='word_1_79' title='bbox 992 983 1144 1036; x_wconf 83' lang='lat' dir='ltr'><strong>medicinam</strong></span> <span class='ocrx_word' id='word_1_80' title='bbox 1156 983 1285 1037; x_wconf 76' lang='lat' dir='ltr'><strong>vetustis·</strong></span> 
     </span>
     <span class='ocr_line' id='line_1_10' title="bbox 163 1053 440 1124; baseline -0.014 -16"><span class='ocrx_word' id='word_1_81' title='bbox 163 1053 251 1108; x_wconf 83' lang='lat' dir='ltr'><strong>rimam</strong></span> <span class='ocrx_word' id='word_1_82' title='bbox 268 1059 330 1106; x_wconf 86' lang='lat' dir='ltr'><strong>ante</strong></span> <span class='ocrx_word' id='word_1_83' title='bbox 346 1053 440 1124; x_wconf 85' lang='lat' dir='ltr'><strong>Hipp.)</strong></span> 
     </span>
    </p>
   </div>
   <div class='ocr_carea' id='block_1_5' title="bbox 328 1188 1076 1312">
    <p class='ocr_par' dir='ltr' id='par_1_5' title="bbox 328 1188 1076 1312">
     <span class='ocr_line' id='line_1_11' title="bbox 328 1188 1076 1312; baseline -0.003 -26"><span class='ocrx_word' id='word_1_84' title='bbox 328 1188 396 1286; x_wconf 83' lang='grc'><strong>0.</strong></span> <span class='ocrx_word' id='word_1_85' title='bbox 451 1189 675 1311; x_wconf 75' lang='lat' dir='ltr'><strong>opera</strong></span> <span class='ocrx_word' id='word_1_86' title='bbox 710 1191 1076 1312; x_wconf 65' lang='lat' dir='ltr'><strong>genoratio.</strong></span> 
     </span>
    </p>
   </div>
   <div class='ocr_carea' id='block_1_6' title="bbox 119 1340 1286 1674">
    <p class='ocr_par' dir='ltr' id='par_1_6' title="bbox 119 1340 1286 1504">
     <span class='ocr_line' id='line_1_12' title="bbox 119 1340 1286 1422; baseline -0.003 -19"><span class='ocrx_word' id='word_1_87' title='bbox 119 1340 184 1403; x_wconf 84' lang='lat' dir='ltr'><strong>Joh.</strong></span> <span class='ocrx_word' id='word_1_88' title='bbox 206 1342 368 1401; x_wconf 84' lang='lat' dir='ltr'><strong>Bozerus</strong></span> <span class='ocrx_word' id='word_1_89' title='bbox 390 1359 500 1402; x_wconf 85' lang='lat' dir='ltr'><strong>carmen</strong></span> <span class='ocrx_word' id='word_1_90' title='bbox 521 1346 558 1403; x_wconf 91' lang='lat' dir='ltr'><strong>de</strong></span> <span class='ocrx_word' id='word_1_91' title='bbox 584 1343 691 1418; x_wconf 85' lang='lat' dir='ltr'><strong>origine</strong></span> <span class='ocrx_word' id='word_1_92' title='bbox 713 1349 742 1402; x_wconf 91' lang='lat' dir='ltr'><strong>et</strong></span> <span class='ocrx_word' id='word_1_93' title='bbox 762 1363 913 1422; x_wconf 88' lang='lat' dir='ltr'><strong>progressu</strong></span> <span class='ocrx_word' id='word_1_94' title='bbox 934 1345 1001 1402; x_wconf 87' lang='lat' dir='ltr'><strong>artis</strong></span> <span class='ocrx_word' id='word_1_95' title='bbox 1026 1343 1158 1404; x_wconf 86' lang='lat' dir='ltr'><strong>medicae.</strong></span> <span class='ocrx_word' id='word_1_96' title='bbox 1204 1340 1286 1401; x_wconf 85' lang='lat' dir='ltr'><strong>vite-</strong></span> 
     </span>
     <span class='ocr_line' id='line_1_13' title="bbox 163 1419 1032 1504; baseline -0.001 -19"><span class='ocrx_word' id='word_1_97' title='bbox 163 1428 241 1502; x_wconf 85' lang='lat' dir='ltr'><strong>berg.</strong></span> <span class='ocrx_word' id='word_1_98' title='bbox 264 1422 381 1504; x_wconf 82' lang='grc'><strong>(1557.)</strong></span> <span class='ocrx_word' id='word_1_99' title='bbox 407 1419 498 1487; x_wconf 82' lang='grc'><strong>1577.</strong></span> <span class='ocrx_word' id='word_1_100' title='bbox 524 1424 553 1486; x_wconf 91' lang='grc'><strong>4.</strong></span> <span class='ocrx_word' id='word_1_101' title='bbox 598 1433 728 1498; x_wconf 88' lang='lat' dir='ltr'><strong>(Carmen</strong></span> <span class='ocrx_word' id='word_1_102' title='bbox 750 1431 1032 1502; x_wconf 85' lang='lat' dir='ltr'><strong>congratulatorium.)</strong></span> 
     </span>
    </p>

    <p class='ocr_par' dir='ltr' id='par_1_7' title="bbox 122 1509 1286 1674">
     <span class='ocr_line' id='line_1_14' title="bbox 122 1509 1286 1590; baseline -0.002 -20"><span class='ocrx_word' id='word_1_103' title='bbox 122 1510 195 1570; x_wconf 86' lang='lat' dir='ltr'><strong>Guil.</strong></span> <span class='ocrx_word' id='word_1_104' title='bbox 222 1511 446 1570; x_wconf 90' lang='lat' dir='ltr'><strong>Gratarolus</strong></span> <span class='ocrx_word' id='word_1_105' title='bbox 482 1513 519 1570; x_wconf 91' lang='lat' dir='ltr'><strong>de</strong></span> <span class='ocrx_word' id='word_1_106' title='bbox 553 1512 684 1569; x_wconf 84' lang='lat' dir='ltr'><strong>laudibus</strong></span> <span class='ocrx_word' id='word_1_107' title='bbox 720 1515 873 1571; x_wconf 85' lang='lat' dir='ltr'><strong>medicinae</strong></span> <span class='ocrx_word' id='word_1_108' title='bbox 902 1518 931 1572; x_wconf 92' lang='lat' dir='ltr'><strong>et</strong></span> <span class='ocrx_word' id='word_1_109' title='bbox 952 1513 992 1572; x_wconf 91' lang='lat' dir='ltr'><strong>rei</strong></span> <span class='ocrx_word' id='word_1_110' title='bbox 1012 1511 1184 1590; x_wconf 90' lang='lat' dir='ltr'><strong>plantariae,</strong></span> <span class='ocrx_word' id='word_1_111' title='bbox 1223 1509 1286 1584; x_wconf 77' lang='lat' dir='ltr'><strong>ejus</strong></span> 
     </span>
     <span class='ocr_line' id='line_1_15' title="bbox 160 1592 863 1674; baseline 0.007 -20"><span class='ocrx_word' id='word_1_112' title='bbox 160 1596 279 1671; x_wconf 85' lang='lat' dir='ltr'><strong>origine,</strong></span> <span class='ocrx_word' id='word_1_113' title='bbox 300 1615 453 1674; x_wconf 86' lang='lat' dir='ltr'><strong>progressu</strong></span> <span class='ocrx_word' id='word_1_114' title='bbox 476 1603 529 1658; x_wconf 88' lang='lat' dir='ltr'><strong>etc.</strong></span> <span class='ocrx_word' id='word_1_115' title='bbox 572 1595 691 1672; x_wconf 85' lang='lat' dir='ltr'><strong>Argent.</strong></span> <span class='ocrx_word' id='word_1_116' title='bbox 715 1592 805 1655; x_wconf 88' lang='grc'><strong>1563.</strong></span> <span class='ocrx_word' id='word_1_117' title='bbox 832 1593 863 1660; x_wconf 73' lang='grc'><strong>8.</strong></span> 
     </span>
    </p>
   </div>
   <div class='ocr_carea' id='block_1_7' title="bbox 120 1677 1286 1828">
    <p class='ocr_par' dir='ltr' id='par_1_8' title="bbox 120 1677 1286 1828">
     <span class='ocr_line' id='line_1_16' title="bbox 120 1677 1286 1758; baseline -0.001 -19"><span class='ocrx_word' id='word_1_118' title='bbox 120 1681 164 1739; x_wconf 86' lang='lat' dir='ltr'><strong>Jo.</strong></span> <span class='ocrx_word' id='word_1_119' title='bbox 186 1679 307 1756; x_wconf 87' lang='lat' dir='ltr'><strong>Philipp.</strong></span> <span class='ocrx_word' id='word_1_120' title='bbox 329 1681 517 1740; x_wconf 89' lang='lat' dir='ltr'><strong>Pratensis</strong></span> <span class='ocrx_word' id='word_1_121' title='bbox 540 1681 576 1738; x_wconf 87' lang='lat' dir='ltr'><strong>de</strong></span> <span class='ocrx_word' id='word_1_122' title='bbox 593 1687 668 1754; x_wconf 91' lang='lat' dir='ltr'><strong>ortu,</strong></span> <span class='ocrx_word' id='word_1_123' title='bbox 694 1700 855 1758; x_wconf 85' lang='lat' dir='ltr'><strong>progressa,</strong></span> <span class='ocrx_word' id='word_1_124' title='bbox 877 1680 1009 1756; x_wconf 85' lang='lat' dir='ltr'><strong>subjectis</strong></span> <span class='ocrx_word' id='word_1_125' title='bbox 1025 1685 1054 1738; x_wconf 90' lang='lat' dir='ltr'><strong>et</strong></span> <span class='ocrx_word' id='word_1_126' title='bbox 1069 1679 1195 1758; x_wconf 86' lang='lat' dir='ltr'><strong>partibus</strong></span> <span class='ocrx_word' id='word_1_127' title='bbox 1216 1677 1286 1738; x_wconf 81' lang='lat' dir='ltr'><strong>artis</strong></span> 
     </span>
     <span class='ocr_line' id='line_1_17' title="bbox 162 1758 588 1828; baseline -0.002 -5"><span class='ocrx_word' id='word_1_128' title='bbox 162 1765 294 1826; x_wconf 87' lang='lat' dir='ltr'><strong>medicae.</strong></span> <span class='ocrx_word' id='word_1_129' title='bbox 337 1764 423 1828; x_wconf 84' lang='lat' dir='ltr'><strong>Hafa.</strong></span> <span class='ocrx_word' id='word_1_130' title='bbox 443 1758 534 1828; x_wconf 78' lang='lat'><strong>1572.</strong></span> <span class='ocrx_word' id='word_1_131' title='bbox 559 1759 588 1824; x_wconf 89' lang='grc'><strong>8.</strong></span> 
     </span>
    </p>
   </div>
   <div class='ocr_carea' id='block_1_8' title="bbox 120 1819 1385 1928">
    <p class='ocr_par' dir='ltr' id='par_1_9' title="bbox 120 1819 1385 1928">
     <span class='ocr_line' id='line_1_18' title="bbox 120 1819 1385 1928; baseline -0.004 -20"><span class='ocrx_word' id='word_1_132' title='bbox 120 1849 166 1911; x_wconf 84' lang='grc'><strong>10.</strong></span> <span class='ocrx_word' id='word_1_133' title='bbox 191 1849 380 1906; x_wconf 87' lang='lat' dir='ltr'><strong>Jessenius</strong></span> <span class='ocrx_word' id='word_1_134' title='bbox 402 1868 419 1906; x_wconf 92' lang='lat' dir='ltr'><strong>a</strong></span> <span class='ocrx_word' id='word_1_135' title='bbox 441 1848 570 1906; x_wconf 80' lang='lat' dir='ltr'><strong>Iessea</strong></span> <span class='ocrx_word' id='word_1_136' title='bbox 605 1848 779 1928; x_wconf 83' lang='lat' dir='ltr'><strong>(Jessenslr)</strong></span> <span class='ocrx_word' id='word_1_137' title='bbox 812 1868 908 1927; x_wconf 87' lang='lat' dir='ltr'><strong>progr.</strong></span> <span class='ocrx_word' id='word_1_138' title='bbox 937 1849 974 1906; x_wconf 91' lang='lat' dir='ltr'><strong>de</strong></span> <span class='ocrx_word' id='word_1_139' title='bbox 994 1847 1148 1906; x_wconf 87' lang='lat' dir='ltr'><strong>medicinae</strong></span> <span class='ocrx_word' id='word_1_140' title='bbox 1168 1851 1233 1905; x_wconf 91' lang='lat' dir='ltr'><strong>orta</strong></span> <span class='ocrx_word' id='word_1_141' title='bbox 1255 1851 1286 1904; x_wconf 85' lang='lat' dir='ltr'><strong>et</strong></span> <span class='ocrx_word' id='word_1_142' title='bbox 1383 1819 1385 1896; x_wconf 82' lang='lat' dir='ltr'><strong>l</strong></span> 
     </span>
    </p>
   </div>
   <div class='ocr_carea' id='block_1_9' title="bbox 162 1928 1024 2009">
    <p class='ocr_par' dir='ltr' id='par_1_10' title="bbox 162 1928 1024 2009">
     <span class='ocr_line' id='line_1_19' title="bbox 162 1928 1024 2009; baseline 0 -19"><span class='ocrx_word' id='word_1_143' title='bbox 162 1951 313 2009; x_wconf 85' lang='lat' dir='ltr'><strong>progressu</strong></span> <span class='ocrx_word' id='word_1_144' title='bbox 334 1952 387 1990; x_wconf 90' lang='lat' dir='ltr'><strong>nec</strong></span> <span class='ocrx_word' id='word_1_145' title='bbox 413 1952 470 1990; x_wconf 92' lang='grc'><strong>000</strong></span> <span class='ocrx_word' id='word_1_146' title='bbox 496 1932 577 1990; x_wconf 88' lang='lat' dir='ltr'><strong>claris</strong></span> <span class='ocrx_word' id='word_1_147' title='bbox 601 1935 724 1992; x_wconf 90' lang='lat' dir='ltr'><strong>medicis.</strong></span> <span class='ocrx_word' id='word_1_148' title='bbox 767 1928 1024 1994; x_wconf 79' lang='lat' dir='ltr'><strong>Viteb.1600.4.</strong></span> 
     </span>
    </p>
   </div>
   <div class='ocr_carea' id='block_1_10' title="bbox 53 2003 1385 2179">
    <p class='ocr_par' dir='ltr' id='par_1_11' title="bbox 53 1993 1385 2179">
     <span class='ocr_line' id='line_1_20' title="bbox 53 2003 1286 2092; baseline -0.004 -17"><span class='ocrx_word' id='word_1_149' title='bbox 53 2003 57 2010; x_wconf 62' lang='grc'><strong>’</strong></span> <span class='ocrx_word' id='word_1_150' title='bbox 119 2016 203 2075; x_wconf 85' lang='lat' dir='ltr'><strong>ldich.</strong></span> <span class='ocrx_word' id='word_1_151' title='bbox 229 2016 370 2092; x_wconf 87' lang='lat' dir='ltr'><strong>Diiring</strong></span> <span class='ocrx_word' id='word_1_152' title='bbox 403 2019 439 2075; x_wconf 90' lang='lat' dir='ltr'><strong>de</strong></span> <span class='ocrx_word' id='word_1_153' title='bbox 470 2017 607 2076; x_wconf 87' lang='lat' dir='ltr'><strong>medicina</strong></span> <span class='ocrx_word' id='word_1_154' title='bbox 643 2025 672 2076; x_wconf 92' lang='lat' dir='ltr'><strong>et</strong></span> <span class='ocrx_word' id='word_1_155' title='bbox 702 2019 816 2076; x_wconf 90' lang='lat' dir='ltr'><strong>medicis</strong></span> <span class='ocrx_word' id='word_1_156' title='bbox 848 2019 981 2076; x_wconf 89' lang='lat' dir='ltr'><strong>adversus</strong></span> <span class='ocrx_word' id='word_1_157' title='bbox 1012 2015 1221 2091; x_wconf 87' lang='lat' dir='ltr'><strong>jatromastigas</strong></span> <span class='ocrx_word' id='word_1_158' title='bbox 1255 2016 1286 2072; x_wconf 85' lang='lat' dir='ltr'><strong>et</strong></span> 
     </span>
     <span class='ocr_line' id='line_1_21' title="bbox 161 2098 1385 2179; baseline -0.003 -21"><span class='ocrx_word' id='word_1_159' title='bbox 161 2101 367 2179; x_wconf 85' lang='lat' dir='ltr'><strong>pseud-intras</strong></span> <span class='ocrx_word' id='word_1_160' title='bbox 392 2102 412 2162; x_wconf 87' lang='lat' dir='ltr'><strong>l.</strong></span> <span class='ocrx_word' id='word_1_161' title='bbox 430 2101 468 2158; x_wconf 90' lang='lat' dir='ltr'><strong>ll.</strong></span> <span class='ocrx_word' id='word_1_162' title='bbox 511 2102 543 2160; x_wconf 92' lang='lat' dir='ltr'><strong>ln</strong></span> <span class='ocrx_word' id='word_1_163' title='bbox 565 2101 665 2177; x_wconf 86' lang='lat' dir='ltr'><strong>quibus</strong></span> <span class='ocrx_word' id='word_1_164' title='bbox 679 2122 738 2161; x_wconf 90' lang='grc'><strong>000</strong></span> <span class='ocrx_word' id='word_1_165' title='bbox 755 2103 845 2160; x_wconf 90' lang='lat' dir='ltr'><strong>solnm</strong></span> <span class='ocrx_word' id='word_1_166' title='bbox 860 2102 1013 2177; x_wconf 81' lang='lat' dir='ltr'><strong>generatim</strong></span> <span class='ocrx_word' id='word_1_167' title='bbox 1027 2101 1180 2158; x_wconf 90' lang='lat' dir='ltr'><strong>medicinae</strong></span> <span class='ocrx_word' id='word_1_168' title='bbox 1191 2098 1284 2172; x_wconf 87' lang='lat' dir='ltr'><strong>origo,</strong></span> <span class='ocrx_word' id='word_1_169' title='bbox 1384 2117 1385 2154; x_wconf 80' lang='grc'><strong>1</strong></span> 
     </span>
    </p>
   </div>
   <div class='ocr_carea' id='block_1_11' title="bbox 120 2183 1287 2431">
    <p class='ocr_par' dir='ltr' id='par_1_12' title="bbox 120 2183 1287 2431">
     <span class='ocr_line' id='line_1_22' title="bbox 120 2183 1287 2264; baseline -0.008 -17"><span class='ocrx_word' id='word_1_170' title='bbox 120 2201 142 2247; x_wconf 74' lang='grc'><strong>,·</strong></span> <span class='ocrx_word' id='word_1_171' title='bbox 161 2203 340 2264; x_wconf 87' lang='lat' dir='ltr'><strong>progressus,</strong></span> <span class='ocrx_word' id='word_1_172' title='bbox 362 2186 484 2262; x_wconf 83' lang='lat' dir='ltr'><strong>dignitas</strong></span> <span class='ocrx_word' id='word_1_173' title='bbox 508 2194 562 2244; x_wconf 90' lang='lat' dir='ltr'><strong>etc.</strong></span> <span class='ocrx_word' id='word_1_174' title='bbox 584 2186 724 2258; x_wconf 85' lang='lat' dir='ltr'><strong>asseritur,</strong></span> <span class='ocrx_word' id='word_1_175' title='bbox 746 2189 795 2246; x_wconf 88' lang='lat' dir='ltr'><strong>sed</strong></span> <span class='ocrx_word' id='word_1_176' title='bbox 818 2187 901 2245; x_wconf 88' lang='lat' dir='ltr'><strong>etiam</strong></span> <span class='ocrx_word' id='word_1_177' title='bbox 923 2185 1110 2263; x_wconf 80' lang='lat' dir='ltr'><strong>particulatim</strong></span> <span class='ocrx_word' id='word_1_178' title='bbox 1131 2190 1190 2241; x_wconf 86' lang='lat' dir='ltr'><strong>tam</strong></span> <span class='ocrx_word' id='word_1_179' title='bbox 1210 2183 1287 2260; x_wconf 88' lang='lat' dir='ltr'><strong>Hip-</strong></span> 
     </span>
     <span class='ocr_line' id='line_1_23' title="bbox 161 2270 1287 2348; baseline -0.003 -22"><span class='ocrx_word' id='word_1_180' title='bbox 161 2271 319 2348; x_wconf 88' lang='lat' dir='ltr'><strong>pocraticae</strong></span> <span class='ocrx_word' id='word_1_181' title='bbox 340 2275 370 2328; x_wconf 89' lang='lat' dir='ltr'><strong>et</strong></span> <span class='ocrx_word' id='word_1_182' title='bbox 391 2270 539 2328; x_wconf 88' lang='lat' dir='ltr'><strong>Galenicae</strong></span> <span class='ocrx_word' id='word_1_183' title='bbox 560 2273 746 2348; x_wconf 71' lang='lat' dir='ltr'><strong>praestantia,</strong></span> <span class='ocrx_word' id='word_1_184' title='bbox 769 2289 853 2346; x_wconf 91' lang='lat' dir='ltr'><strong>quam</strong></span> <span class='ocrx_word' id='word_1_185' title='bbox 880 2271 1041 2348; x_wconf 72' lang='lat' dir='ltr'><strong>ampiniana,</strong></span> <span class='ocrx_word' id='word_1_186' title='bbox 1063 2270 1204 2345; x_wconf 82' lang='lat' dir='ltr'><strong>magicae,</strong></span> <span class='ocrx_word' id='word_1_187' title='bbox 1225 2285 1287 2324; x_wconf 89' lang='lat' dir='ltr'><strong>me-</strong></span> 
     </span>
     <span class='ocr_line' id='line_1_24' title="bbox 159 2352 1287 2431; baseline -0.002 -19"><span class='ocrx_word' id='word_1_188' title='bbox 159 2353 290 2412; x_wconf 90' lang='lat' dir='ltr'><strong>thodicae</strong></span> <span class='ocrx_word' id='word_1_189' title='bbox 322 2360 351 2411; x_wconf 87' lang='lat' dir='ltr'><strong>et</strong></span> <span class='ocrx_word' id='word_1_190' title='bbox 385 2353 573 2413; x_wconf 87' lang='lat' dir='ltr'><strong>Paracelsicae</strong></span> <span class='ocrx_word' id='word_1_191' title='bbox 605 2373 671 2413; x_wconf 89' lang='lat' dir='ltr'><strong>usus</strong></span> <span class='ocrx_word' id='word_1_192' title='bbox 704 2362 791 2431; x_wconf 89' lang='lat' dir='ltr'><strong>atque</strong></span> <span class='ocrx_word' id='word_1_193' title='bbox 825 2357 928 2413; x_wconf 91' lang='lat' dir='ltr'><strong>abusus</strong></span> <span class='ocrx_word' id='word_1_194' title='bbox 963 2355 1109 2412; x_wconf 85' lang='lat' dir='ltr'><strong>excutitur.</strong></span> <span class='ocrx_word' id='word_1_195' title='bbox 1168 2352 1287 2410; x_wconf 87' lang='lat' dir='ltr'><strong>Giessac</strong></span> 
     </span>
    </p>
   </div>
   <div class='ocr_carea' id='block_1_12' title="bbox 160 2432 450 2499">
    <p class='ocr_par' dir='ltr' id='par_1_13' title="bbox 160 2432 450 2499">
     <span class='ocr_line' id='line_1_25' title="bbox 160 2432 450 2499; baseline 0 -2"><span class='ocrx_word' id='word_1_196' title='bbox 160 2439 278 2499; x_wconf 90' lang='lat' dir='ltr'><strong>Hassor.</strong></span> <span class='ocrx_word' id='word_1_197' title='bbox 303 2432 395 2498; x_wconf 82' lang='lat'><strong>1611.</strong></span> <span class='ocrx_word' id='word_1_198' title='bbox 420 2435 450 2497; x_wconf 94' lang='grc'><strong>8.</strong></span> 
     </span>
    </p>
   </div>
   <div class='ocr_carea' id='block_1_13' title="bbox 1382 2277 1385 2432">
    <p class='ocr_par' dir='ltr' id='par_1_14' title="bbox 1382 2277 1385 2484">
     <span class='ocr_line' id='line_1_26' title="bbox 1382 2277 1385 2432; baseline 0 25"><span class='ocrx_word' id='word_1_199' title='bbox 1382 2277 1385 2432; x_wconf 85' lang='lat' dir='ltr'><strong>l</strong></span> 
     </span>
    </p>
   </div>
   <div class='ocr_carea' id='block_1_14' title="bbox 86 2485 1384 2686">
    <p class='ocr_par' dir='ltr' id='par_1_15' title="bbox 86 2485 1384 2686">
     <span class='ocr_line' id='line_1_27' title="bbox 86 2485 1384 2598; baseline -0.002 -17"><span class='ocrx_word' id='word_1_200' title='bbox 86 2560 88 2564; x_wconf 94' lang='lat'>-</span> <span class='ocrx_word' id='word_1_201' title='bbox 117 2523 164 2585; x_wconf 83' lang='lat' dir='ltr'><strong>Jo.</strong></span> <span class='ocrx_word' id='word_1_202' title='bbox 186 2520 356 2582; x_wconf 90' lang='lat' dir='ltr'><strong>Neauder</strong></span> <span class='ocrx_word' id='word_1_203' title='bbox 376 2523 583 2598; x_wconf 85' lang='lat' dir='ltr'><strong>antiquissimae</strong></span> <span class='ocrx_word' id='word_1_204' title='bbox 606 2528 636 2582; x_wconf 92' lang='lat' dir='ltr'><strong>et</strong></span> <span class='ocrx_word' id='word_1_205' title='bbox 667 2521 853 2580; x_wconf 85' lang='lat' dir='ltr'><strong>nobilissimae</strong></span> <span class='ocrx_word' id='word_1_206' title='bbox 884 2523 1038 2580; x_wconf 89' lang='lat' dir='ltr'><strong>medicinae</strong></span> <span class='ocrx_word' id='word_1_207' title='bbox 1061 2521 1203 2592; x_wconf 88' lang='lat' dir='ltr'><strong>natalitia,</strong></span> <span class='ocrx_word' id='word_1_208' title='bbox 1237 2537 1286 2578; x_wconf 82' lang='lat' dir='ltr'><strong>ae·</strong></span> <span class='ocrx_word' id='word_1_209' title='bbox 1382 2485 1384 2498; x_wconf 66' lang='lat'><strong>.</strong></span> 
     </span>
     <span class='ocr_line' id='line_1_28' title="bbox 160 2603 1384 2686; baseline -0.004 -20"><span class='ocrx_word' id='word_1_210' title='bbox 160 2614 222 2666; x_wconf 84' lang='lat' dir='ltr'><strong>ctae</strong></span> <span class='ocrx_word' id='word_1_211' title='bbox 242 2626 395 2684; x_wconf 90' lang='lat' dir='ltr'><strong>earumque</strong></span> <span class='ocrx_word' id='word_1_212' title='bbox 415 2607 527 2686; x_wconf 89' lang='lat' dir='ltr'><strong>placita,</strong></span> <span class='ocrx_word' id='word_1_213' title='bbox 554 2613 615 2666; x_wconf 91' lang='lat' dir='ltr'><strong>tum</strong></span> <span class='ocrx_word' id='word_1_214' title='bbox 637 2607 697 2683; x_wconf 89' lang='lat' dir='ltr'><strong>ejus</strong></span> <span class='ocrx_word' id='word_1_215' title='bbox 719 2613 894 2684; x_wconf 87' lang='lat' dir='ltr'><strong>catacrypses</strong></span> <span class='ocrx_word' id='word_1_216' title='bbox 917 2625 950 2664; x_wconf 90' lang='lat' dir='ltr'><strong>ac</strong></span> <span class='ocrx_word' id='word_1_217' title='bbox 972 2608 1173 2664; x_wconf 88' lang='lat' dir='ltr'><strong>instauratores</strong></span> <span class='ocrx_word' id='word_1_218' title='bbox 1195 2610 1224 2664; x_wconf 89' lang='lat' dir='ltr'><strong>et</strong></span> <span class='ocrx_word' id='word_1_219' title='bbox 1244 2604 1286 2662; x_wconf 92' lang='lat' dir='ltr'><strong>ad</strong></span> <span class='ocrx_word' id='word_1_220' title='bbox 1383 2603 1384 2678; x_wconf 88' lang='grc'><strong>1</strong></span> 
     </span>
    </p>
   </div>
   <div class='ocr_carea' id='block_1_15' title="bbox 158 2688 1286 2771">
    <p class='ocr_par' dir='ltr' id='par_1_16' title="bbox 158 2688 1286 2771">
     <span class='ocr_line' id='line_1_29' title="bbox 158 2688 1286 2771; baseline -0.005 -21"><span class='ocrx_word' id='word_1_221' title='bbox 158 2692 228 2750; x_wconf 87' lang='lat' dir='ltr'><strong>haec</strong></span> <span class='ocrx_word' id='word_1_222' title='bbox 252 2698 350 2750; x_wconf 90' lang='lat' dir='ltr'><strong>nostra</strong></span> <span class='ocrx_word' id='word_1_223' title='bbox 370 2711 460 2768; x_wconf 86' lang='lat' dir='ltr'><strong>usque</strong></span> <span class='ocrx_word' id='word_1_224' title='bbox 482 2699 610 2770; x_wconf 89' lang='lat' dir='ltr'><strong>tempora</strong></span> <span class='ocrx_word' id='word_1_225' title='bbox 630 2699 835 2771; x_wconf 87' lang='lat' dir='ltr'><strong>propagatores</strong></span> <span class='ocrx_word' id='word_1_226' title='bbox 857 2711 920 2750; x_wconf 92' lang='lat' dir='ltr'><strong>cum</strong></span> <span class='ocrx_word' id='word_1_227' title='bbox 944 2691 1065 2749; x_wconf 88' lang='lat' dir='ltr'><strong>historiis</strong></span> <span class='ocrx_word' id='word_1_228' title='bbox 1090 2709 1196 2761; x_wconf 87' lang='lat' dir='ltr'><strong>eorum,</strong></span> <span class='ocrx_word' id='word_1_229' title='bbox 1218 2688 1286 2745; x_wconf 86' lang='lat' dir='ltr'><strong>vitis</strong></span> 
     </span>
    </p>
   </div>
   <div class='ocr_carea' id='block_1_16' title="bbox 158 2772 1377 2854">
    <p class='ocr_par' dir='ltr' id='par_1_17' title="bbox 158 2772 1377 2854">
     <span class='ocr_line' id='line_1_30' title="bbox 158 2772 1377 2854; baseline 0.003 -20"><span class='ocrx_word' id='word_1_230' title='bbox 158 2794 193 2834; x_wconf 86' lang='lat' dir='ltr'><strong>ac</strong></span> <span class='ocrx_word' id='word_1_231' title='bbox 214 2778 329 2853; x_wconf 87' lang='lat' dir='ltr'><strong>scriptis.</strong></span> <span class='ocrx_word' id='word_1_232' title='bbox 384 2779 503 2835; x_wconf 87' lang='lat' dir='ltr'><strong>Bremae</strong></span> <span class='ocrx_word' id='word_1_233' title='bbox 526 2773 617 2834; x_wconf 69' lang='lat'><strong>1623.</strong></span> <span class='ocrx_word' id='word_1_234' title='bbox 643 2772 673 2834; x_wconf 92' lang='grc'><strong>4.</strong></span> <span class='ocrx_word' id='word_1_235' title='bbox 716 2789 814 2854; x_wconf 84' lang='lat' dir='ltr'><strong>(Rarus</strong></span> <span class='ocrx_word' id='word_1_236' title='bbox 826 2789 933 2841; x_wconf 86' lang='lat' dir='ltr'><strong>sednon</strong></span> <span class='ocrx_word' id='word_1_237' title='bbox 954 2775 1089 2840; x_wconf 85' lang='lat' dir='ltr'><strong>admodum</strong></span> <span class='ocrx_word' id='word_1_238' title='bbox 1107 2788 1189 2840; x_wconf 88' lang='lat' dir='ltr'><strong>bonae</strong></span> <span class='ocrx_word' id='word_1_239' title='bbox 1203 2792 1286 2838; x_wconf 88' lang='grc'><strong>00100</strong></span> <span class='ocrx_word' id='word_1_240' title='bbox 1318 2813 1320 2816; x_wconf 93' lang='grc'><strong>-</strong></span> <span class='ocrx_word' id='word_1_241' title='bbox 1374 2773 1377 2780; x_wconf 68' lang='grc'><strong><em>’</em></strong></span> 
     </span>
    </p>
   </div>
   <div class='ocr_carea' id='block_1_17' title="bbox 113 2855 1197 3004">
    <p class='ocr_par' dir='ltr' id='par_1_18' title="bbox 113 2855 1197 3004">
     <span class='ocr_line' id='line_1_31' title="bbox 160 2855 1172 2926; baseline -0.002 -18"><span class='ocrx_word' id='word_1_242' title='bbox 160 2855 235 2921; x_wconf 91' lang='lat' dir='ltr'><strong>liber,</strong></span> <span class='ocrx_word' id='word_1_243' title='bbox 253 2874 309 2909; x_wconf 89' lang='lat' dir='ltr'><strong>cum</strong></span> <span class='ocrx_word' id='word_1_244' title='bbox 327 2856 401 2912; x_wconf 88' lang='lat' dir='ltr'><strong>nimis</strong></span> <span class='ocrx_word' id='word_1_245' title='bbox 418 2858 497 2912; x_wconf 89' lang='lat' dir='ltr'><strong>multa</strong></span> <span class='ocrx_word' id='word_1_246' title='bbox 515 2856 654 2926; x_wconf 90' lang='lat' dir='ltr'><strong>peregriua</strong></span> <span class='ocrx_word' id='word_1_247' title='bbox 673 2862 700 2908; x_wconf 88' lang='lat' dir='ltr'><strong>et</strong></span> <span class='ocrx_word' id='word_1_248' title='bbox 717 2856 887 2924; x_wconf 85' lang='lat' dir='ltr'><strong>particularia</strong></span> <span class='ocrx_word' id='word_1_249' title='bbox 905 2857 1055 2922; x_wconf 86' lang='lat' dir='ltr'><strong>contineat.)</strong></span> <span class='ocrx_word' id='word_1_250' title='bbox 1168 2879 1172 2888; x_wconf 84' lang='lat'><strong>·</strong></span> 
     </span>
     <span class='ocr_line' id='line_1_32' title="bbox 113 2921 1197 3004; baseline -0.003 -17"><span class='ocrx_word' id='word_1_251' title='bbox 113 2926 216 2987; x_wconf 82' lang='lat' dir='ltr'><strong>&#39;Daniel</strong></span> <span class='ocrx_word' id='word_1_252' title='bbox 237 2928 403 2986; x_wconf 82' lang='lat' dir='ltr'><strong>Beckher</strong></span> <span class='ocrx_word' id='word_1_253' title='bbox 428 2929 517 2988; x_wconf 90' lang='lat' dir='ltr'><strong>oratio</strong></span> <span class='ocrx_word' id='word_1_254' title='bbox 543 2929 580 2985; x_wconf 90' lang='lat' dir='ltr'><strong>de</strong></span> <span class='ocrx_word' id='word_1_255' title='bbox 607 2928 760 2984; x_wconf 88' lang='lat' dir='ltr'><strong>medicinae</strong></span> <span class='ocrx_word' id='word_1_256' title='bbox 781 2947 941 3004; x_wconf 89' lang='lat' dir='ltr'><strong>progressu.</strong></span> <span class='ocrx_word' id='word_1_257' title='bbox 985 2928 1081 2985; x_wconf 87' lang='lat' dir='ltr'><strong>Patav.</strong></span> <span class='ocrx_word' id='word_1_258' title='bbox 1105 2921 1197 2984; x_wconf 91' lang='grc'><strong>1646.</strong></span> 
     </span>
    </p>
   </div>
   <div class='ocr_carea' id='block_1_18' title="bbox 116 3010 1284 3088">
    <p class='ocr_par' dir='ltr' id='par_1_19' title="bbox 116 3010 1284 3088">
     <span class='ocr_line' id='line_1_33' title="bbox 116 3010 1284 3088; baseline 0 -20"><span class='ocrx_word' id='word_1_259' title='bbox 116 3011 276 3068; x_wconf 84' lang='lat' dir='ltr'><strong>Godolred.</strong></span> <span class='ocrx_word' id='word_1_260' title='bbox 302 3011 464 3069; x_wconf 88' lang='lat' dir='ltr'><strong>Moebius</strong></span> <span class='ocrx_word' id='word_1_261' title='bbox 490 3013 556 3069; x_wconf 84' lang='lat' dir='ltr'><strong>diss.</strong></span> <span class='ocrx_word' id='word_1_262' title='bbox 580 3012 616 3068; x_wconf 91' lang='lat' dir='ltr'><strong>de</strong></span> <span class='ocrx_word' id='word_1_263' title='bbox 646 3011 798 3067; x_wconf 88' lang='lat' dir='ltr'><strong>medicinae</strong></span> <span class='ocrx_word' id='word_1_264' title='bbox 826 3011 971 3088; x_wconf 87' lang='lat' dir='ltr'><strong>natalitiis,</strong></span> <span class='ocrx_word' id='word_1_265' title='bbox 1002 3011 1166 3069; x_wconf 85' lang='lat' dir='ltr'><strong>definitione</strong></span> <span class='ocrx_word' id='word_1_266' title='bbox 1187 3015 1216 3068; x_wconf 88' lang='lat' dir='ltr'><strong>ct</strong></span> <span class='ocrx_word' id='word_1_267' title='bbox 1238 3010 1284 3068; x_wconf 92' lang='lat' dir='ltr'><strong>di-</strong></span> 
     </span>
    </p>
   </div>
   <div class='ocr_carea' id='block_1_19' title="bbox 158 3089 1283 3245">
    <p class='ocr_par' dir='ltr' id='par_1_20' title="bbox 158 3089 1283 3245">
     <span class='ocr_line' id='line_1_34' title="bbox 158 3089 1283 3175; baseline 0.007 -23"><span class='ocrx_word' id='word_1_268' title='bbox 158 3095 272 3152; x_wconf 86' lang='lat' dir='ltr'><strong>visione.</strong></span> <span class='ocrx_word' id='word_1_269' title='bbox 315 3095 378 3152; x_wconf 82' lang='grc'><strong>100.</strong></span> <span class='ocrx_word' id='word_1_270' title='bbox 401 3089 492 3153; x_wconf 82' lang='grc'><strong>1661.</strong></span> <span class='ocrx_word' id='word_1_271' title='bbox 522 3089 553 3154; x_wconf 82' lang='grc'><strong>4.</strong></span> <span class='ocrx_word' id='word_1_272' title='bbox 601 3105 681 3170; x_wconf 84' lang='lat' dir='ltr'><strong>(Vlde</strong></span> <span class='ocrx_word' id='word_1_273' title='bbox 698 3107 803 3158; x_wconf 88' lang='lat' dir='ltr'><strong>brevem</strong></span> <span class='ocrx_word' id='word_1_274' title='bbox 821 3123 926 3175; x_wconf 87' lang='lat' dir='ltr'><strong>quoque</strong></span> <span class='ocrx_word' id='word_1_275' title='bbox 943 3107 1085 3161; x_wconf 82' lang='lat' dir='ltr'><strong>medicinae</strong></span> <span class='ocrx_word' id='word_1_276' title='bbox 1102 3105 1237 3159; x_wconf 87' lang='lat' dir='ltr'><strong>historiam</strong></span> <span class='ocrx_word' id='word_1_277' title='bbox 1254 3106 1283 3160; x_wconf 92' lang='lat' dir='ltr'><strong>in</strong></span> 
     </span>
     <span class='ocr_line' id='line_1_35' title="bbox 159 3174 1118 3245; baseline 0 -17"><span class='ocrx_word' id='word_1_278' title='bbox 159 3175 184 3228; x_wconf 81' lang='grc'><strong>11</strong></span> <span class='ocrx_word' id='word_1_279' title='bbox 189 3175 278 3243; x_wconf 85' lang='lat' dir='ltr'><strong>jusd.</strong></span> <span class='ocrx_word' id='word_1_280' title='bbox 311 3175 496 3228; x_wconf 78' lang='lat' dir='ltr'><strong>Fundamenta</strong></span> <span class='ocrx_word' id='word_1_281' title='bbox 513 3174 660 3227; x_wconf 84' lang='lat' dir='ltr'><strong>medicinae</strong></span> <span class='ocrx_word' id='word_1_282' title='bbox 676 3175 871 3245; x_wconf 74' lang='lat' dir='ltr'><strong>physiologica.</strong></span> <span class='ocrx_word' id='word_1_283' title='bbox 905 3175 963 3232; x_wconf 87' lang='lat' dir='ltr'><strong>Jen.</strong></span> <span class='ocrx_word' id='word_1_284' title='bbox 982 3175 1057 3230; x_wconf 77' lang='lat'><strong>1657.</strong></span> <span class='ocrx_word' id='word_1_285' title='bbox 1080 3176 1118 3244; x_wconf 83' lang='lat'><strong>4.)</strong></span> 
     </span>
    </p>
   </div>
   <div class='ocr_carea' id='block_1_20' title="bbox 115 3246 1284 3920">
    <p class='ocr_par' dir='ltr' id='par_1_21' title="bbox 115 3246 1284 3480">
     <span class='ocr_line' id='line_1_36' title="bbox 115 3246 1284 3326; baseline 0 -20"><span class='ocrx_word' id='word_1_286' title='bbox 115 3247 230 3306; x_wconf 83' lang='lat' dir='ltr'><strong>lverard</strong></span> <span class='ocrx_word' id='word_1_287' title='bbox 251 3246 499 3324; x_wconf 86' lang='lat' dir='ltr'><strong>Maynwaring</strong></span> <span class='ocrx_word' id='word_1_288' title='bbox 519 3247 644 3305; x_wconf 82' lang='lat' dir='ltr'><strong>medicus</strong></span> <span class='ocrx_word' id='word_1_289' title='bbox 670 3246 816 3306; x_wconf 91' lang='lat' dir='ltr'><strong>absolutus</strong></span> <span class='ocrx_word' id='word_1_290' title='bbox 840 3253 895 3310; x_wconf 87' lang='lat' dir='ltr'><strong>etc.</strong></span> <span class='ocrx_word' id='word_1_291' title='bbox 918 3249 967 3307; x_wconf 91' lang='lat' dir='ltr'><strong>the</strong></span> <span class='ocrx_word' id='word_1_292' title='bbox 990 3250 1046 3306; x_wconf 88' lang='lat' dir='ltr'><strong>rise</strong></span> <span class='ocrx_word' id='word_1_293' title='bbox 1066 3249 1124 3307; x_wconf 92' lang='lat' dir='ltr'><strong>and</strong></span> <span class='ocrx_word' id='word_1_294' title='bbox 1148 3265 1284 3326; x_wconf 90' lang='lat' dir='ltr'><strong>progress</strong></span> 
     </span>
     <span class='ocr_line' id='line_1_37' title="bbox 158 3331 1284 3412; baseline 0 -22"><span class='ocrx_word' id='word_1_295' title='bbox 158 3333 193 3390; x_wconf 85' lang='lat' dir='ltr'><strong>ol</strong></span> <span class='ocrx_word' id='word_1_296' title='bbox 209 3332 326 3410; x_wconf 82' lang='lat' dir='ltr'><strong>physick</strong></span> <span class='ocrx_word' id='word_1_297' title='bbox 346 3332 530 3410; x_wconf 80' lang='lat' dir='ltr'><strong>historically‚</strong></span> <span class='ocrx_word' id='word_1_298' title='bbox 563 3331 799 3410; x_wconf 80' lang='lat' dir='ltr'><strong>chronologically</strong></span> <span class='ocrx_word' id='word_1_299' title='bbox 821 3333 880 3391; x_wconf 91' lang='lat' dir='ltr'><strong>aud</strong></span> <span class='ocrx_word' id='word_1_300' title='bbox 902 3333 1132 3412; x_wconf 88' lang='lat' dir='ltr'><strong>physiologically</strong></span> <span class='ocrx_word' id='word_1_301' title='bbox 1161 3331 1284 3390; x_wconf 86' lang='lat' dir='ltr'><strong>illustra-</strong></span> 
     </span>
     <span class='ocr_line' id='line_1_38' title="bbox 157 3412 526 3480; baseline 0.011 -6"><span class='ocrx_word' id='word_1_302' title='bbox 157 3417 216 3475; x_wconf 90' lang='lat' dir='ltr'><strong>ted.</strong></span> <span class='ocrx_word' id='word_1_303' title='bbox 259 3412 526 3480; x_wconf 70' lang='grc'><strong>[01116608.</strong></span> 
     </span>
    </p>

    <p class='ocr_par' dir='ltr' id='par_1_22' title="bbox 117 3498 1284 3920">
     <span class='ocr_line' id='line_1_39' title="bbox 117 3498 1283 3579; baseline 0 -21"><span class='ocrx_word' id='word_1_304' title='bbox 117 3498 305 3559; x_wconf 89' lang='lat' dir='ltr'><strong>Lionardo</strong></span> <span class='ocrx_word' id='word_1_305' title='bbox 327 3500 362 3558; x_wconf 95' lang='lat' dir='ltr'><strong>di</strong></span> <span class='ocrx_word' id='word_1_306' title='bbox 384 3501 508 3579; x_wconf 85' lang='lat' dir='ltr'><strong>Capua</strong></span> <span class='ocrx_word' id='word_1_307' title='bbox 531 3519 629 3579; x_wconf 88' lang='lat' dir='ltr'><strong>parere</strong></span> <span class='ocrx_word' id='word_1_308' title='bbox 650 3501 769 3561; x_wconf 85' lang='lat' dir='ltr'><strong>divisato</strong></span> <span class='ocrx_word' id='word_1_309' title='bbox 790 3502 818 3560; x_wconf 92' lang='lat' dir='ltr'><strong>in</strong></span> <span class='ocrx_word' id='word_1_310' title='bbox 836 3506 898 3560; x_wconf 92' lang='lat' dir='ltr'><strong>otto</strong></span> <span class='ocrx_word' id='word_1_311' title='bbox 915 3502 1127 3578; x_wconf 90' lang='lat' dir='ltr'><strong>ragionamenti‚</strong></span> <span class='ocrx_word' id='word_1_312' title='bbox 1148 3500 1193 3558; x_wconf 90' lang='lat' dir='ltr'><strong>ne&#39;</strong></span> <span class='ocrx_word' id='word_1_313' title='bbox 1204 3500 1283 3576; x_wconf 91' lang='lat' dir='ltr'><strong>quali</strong></span> 
     </span>
     <span class='ocr_line' id='line_1_40' title="bbox 159 3580 1284 3665; baseline 0.002 -23"><span class='ocrx_word' id='word_1_314' title='bbox 159 3587 356 3664; x_wconf 89' lang='lat' dir='ltr'><strong>partitamente</strong></span> <span class='ocrx_word' id='word_1_315' title='bbox 380 3587 545 3644; x_wconf 89' lang='lat' dir='ltr'><strong>narrandosi</strong></span> <span class='ocrx_word' id='word_1_316' title='bbox 564 3586 692 3661; x_wconf 88' lang='lat' dir='ltr'><strong>l’on&#39;gine</strong></span> <span class='ocrx_word' id='word_1_317' title='bbox 712 3607 728 3644; x_wconf 97' lang='grc'><strong>0</strong></span> <span class='ocrx_word' id='word_1_318' title='bbox 748 3580 767 3643; x_wconf 87' lang='grc'><strong>’1</strong></span> <span class='ocrx_word' id='word_1_319' title='bbox 791 3605 942 3665; x_wconf 87' lang='lat' dir='ltr'><strong>progresso</strong></span> <span class='ocrx_word' id='word_1_320' title='bbox 973 3585 1047 3643; x_wconf 84' lang='lat' dir='ltr'><strong>della</strong></span> <span class='ocrx_word' id='word_1_321' title='bbox 1079 3585 1232 3659; x_wconf 90' lang='lat' dir='ltr'><strong>medicina,</strong></span> <span class='ocrx_word' id='word_1_322' title='bbox 1264 3603 1284 3644; x_wconf 91' lang='lat' dir='ltr'><strong>e</strong></span> 
     </span>
     <span class='ocr_line' id='line_1_41' title="bbox 160 3663 1282 3747; baseline -0.001 -19"><span class='ocrx_word' id='word_1_323' title='bbox 160 3670 345 3730; x_wconf 89' lang='lat' dir='ltr'><strong>chiaramente</strong></span> <span class='ocrx_word' id='word_1_324' title='bbox 355 3671 373 3728; x_wconf 91' lang='lat' dir='ltr'><strong>l’</strong></span> <span class='ocrx_word' id='word_1_325' title='bbox 384 3671 539 3729; x_wconf 84' lang='lat' dir='ltr'><strong>incertezza</strong></span> <span class='ocrx_word' id='word_1_326' title='bbox 549 3670 622 3727; x_wconf 91' lang='lat' dir='ltr'><strong>della</strong></span> <span class='ocrx_word' id='word_1_327' title='bbox 632 3671 783 3728; x_wconf 89' lang='lat' dir='ltr'><strong>medesima</strong></span> <span class='ocrx_word' id='word_1_328' title='bbox 800 3673 823 3727; x_wconf 89' lang='lat' dir='ltr'><strong>si</strong></span> <span class='ocrx_word' id='word_1_329' title='bbox 839 3673 869 3728; x_wconf 87' lang='lat' dir='ltr'><strong>fa</strong></span> <span class='ocrx_word' id='word_1_330' title='bbox 886 3671 1041 3728; x_wconf 83' lang='lat' dir='ltr'><strong>manifesta.</strong></span> <span class='ocrx_word' id='word_1_331' title='bbox 1067 3667 1173 3747; x_wconf 89' lang='lat' dir='ltr'><strong>Napoli</strong></span> <span class='ocrx_word' id='word_1_332' title='bbox 1189 3663 1282 3727; x_wconf 90' lang='grc'><strong>1681.</strong></span> 
     </span>
     <span class='ocr_line' id='line_1_42' title="bbox 159 3747 1281 3832; baseline 0 -20"><span class='ocrx_word' id='word_1_333' title='bbox 159 3748 243 3826; x_wconf 84' lang='grc'><strong>4.,11).</strong></span> <span class='ocrx_word' id='word_1_334' title='bbox 253 3749 344 3812; x_wconf 83' lang='grc'><strong>1689.</strong></span> <span class='ocrx_word' id='word_1_335' title='bbox 352 3750 393 3828; x_wconf 86' lang='grc'><strong>4.,</strong></span> <span class='ocrx_word' id='word_1_336' title='bbox 404 3756 440 3812; x_wconf 87' lang='lat' dir='ltr'><strong>ib.</strong></span> <span class='ocrx_word' id='word_1_337' title='bbox 454 3749 544 3812; x_wconf 83' lang='lat'><strong>1695.</strong></span> <span class='ocrx_word' id='word_1_338' title='bbox 551 3749 582 3811; x_wconf 93' lang='grc'><strong>4.</strong></span> <span class='ocrx_word' id='word_1_339' title='bbox 593 3753 681 3825; x_wconf 89' lang='lat' dir='ltr'><strong>(terza</strong></span> <span class='ocrx_word' id='word_1_340' title='bbox 691 3753 904 3832; x_wconf 86' lang='lat' dir='ltr'><strong>impressione);</strong></span> <span class='ocrx_word' id='word_1_341' title='bbox 915 3749 1182 3832; x_wconf 88' lang='lat' dir='ltr'><strong>Cologna[Napoli]</strong></span> <span class='ocrx_word' id='word_1_342' title='bbox 1190 3747 1281 3812; x_wconf 84' lang='grc'><strong>1714.</strong></span> 
     </span>
     <span class='ocr_line' id='line_1_43' title="bbox 159 3832 1281 3920; baseline 0.001 -23"><span class='ocrx_word' id='word_1_343' title='bbox 159 3832 189 3897; x_wconf 88' lang='grc'><strong>8.</strong></span> <span class='ocrx_word' id='word_1_344' title='bbox 215 3833 332 3896; x_wconf 79' lang='lat' dir='ltr'><strong>2Voll.</strong></span> <span class='ocrx_word' id='word_1_345' title='bbox 358 3873 402 3884; x_wconf 88' lang='lat'><strong>-</strong></span> <span class='ocrx_word' id='word_1_346' title='bbox 428 3839 513 3914; x_wconf 83' lang='lat' dir='ltr'><strong>Angl.</strong></span> <span class='ocrx_word' id='word_1_347' title='bbox 538 3837 743 3896; x_wconf 88' lang='lat' dir='ltr'><strong>Uacertainties</strong></span> <span class='ocrx_word' id='word_1_348' title='bbox 772 3839 806 3895; x_wconf 88' lang='lat' dir='ltr'><strong>of</strong></span> <span class='ocrx_word' id='word_1_349' title='bbox 822 3839 872 3895; x_wconf 88' lang='lat' dir='ltr'><strong>the</strong></span> <span class='ocrx_word' id='word_1_350' title='bbox 895 3843 939 3920; x_wconf 85' lang='lat' dir='ltr'><strong>art</strong></span> <span class='ocrx_word' id='word_1_351' title='bbox 964 3839 998 3896; x_wconf 82' lang='lat' dir='ltr'><strong>of</strong></span> <span class='ocrx_word' id='word_1_352' title='bbox 1019 3837 1143 3916; x_wconf 87' lang='lat' dir='ltr'><strong>physiclr.</strong></span> <span class='ocrx_word' id='word_1_353' title='bbox 1186 3835 1281 3898; x_wconf 89' lang='lat' dir='ltr'><strong>Lond.</strong></span> 
     </span>
    </p>
   </div>
   <div class='ocr_carea' id='block_1_21' title="bbox 161 3915 1380 4012">
    <p class='ocr_par' dir='ltr' id='par_1_23' title="bbox 161 3915 1380 4012">
     <span class='ocr_line' id='line_1_44' title="bbox 161 3915 1380 4012; baseline -0.002 -25"><span class='ocrx_word' id='word_1_354' title='bbox 161 3915 254 3987; x_wconf 74' lang='grc'><strong>1684·</strong></span> <span class='ocrx_word' id='word_1_355' title='bbox 279 3917 308 3982; x_wconf 74' lang='grc'><strong>8·</strong></span> <span class='ocrx_word' id='word_1_356' title='bbox 352 3935 469 4002; x_wconf 86' lang='lat' dir='ltr'><strong>(Contra</strong></span> <span class='ocrx_word' id='word_1_357' title='bbox 487 3934 554 3988; x_wconf 91' lang='lat' dir='ltr'><strong>hunc</strong></span> <span class='ocrx_word' id='word_1_358' title='bbox 570 3933 598 3986; x_wconf 91' lang='lat' dir='ltr'><strong>in</strong></span> <span class='ocrx_word' id='word_1_359' title='bbox 621 3933 734 3990; x_wconf 85' lang='lat' dir='ltr'><strong>medicos</strong></span> <span class='ocrx_word' id='word_1_360' title='bbox 758 3934 920 4003; x_wconf 87' lang='lat' dir='ltr'><strong>dogmaticos</strong></span> <span class='ocrx_word' id='word_1_361' title='bbox 942 3933 1067 4004; x_wconf 90' lang='lat' dir='ltr'><strong>impetum</strong></span> <span class='ocrx_word' id='word_1_362' title='bbox 1090 3933 1196 4004; x_wconf 85' lang='lat' dir='ltr'><strong>scripsit</strong></span> <span class='ocrx_word' id='word_1_363' title='bbox 1217 3931 1279 3992; x_wconf 80' lang='lat' dir='ltr'><strong>JCt.</strong></span> <span class='ocrx_word' id='word_1_364' title='bbox 1377 3991 1380 4012; x_wconf 36' lang='grc' dir='ltr'>ι</span> 
     </span>
    </p>
   </div>
   <div class='ocr_carea' id='block_1_22' title="bbox 160 3999 1280 4142">
    <p class='ocr_par' dir='ltr' id='par_1_24' title="bbox 160 3999 1280 4142">
     <span class='ocr_line' id='line_1_45' title="bbox 161 3999 1280 4073; baseline 0.001 -20"><span class='ocrx_word' id='word_1_365' title='bbox 161 3999 352 4070; x_wconf 86' lang='lat' dir='ltr'><strong>Neapolitanus</strong></span> <span class='ocrx_word' id='word_1_366' title='bbox 369 4004 497 4058; x_wconf 88' lang='lat' dir='ltr'><strong>Dominio.</strong></span> <span class='ocrx_word' id='word_1_367' title='bbox 515 4001 685 4056; x_wconf 76' lang='lat' dir='ltr'><strong>Aulisiasc</strong></span> <span class='ocrx_word' id='word_1_368' title='bbox 705 4004 924 4057; x_wconf 80' lang='grc'><strong>00011101001001</strong></span> <span class='ocrx_word' id='word_1_369' title='bbox 938 4021 1018 4073; x_wconf 81' lang='lat' dir='ltr'><strong>sopra</strong></span> <span class='ocrx_word' id='word_1_370' title='bbox 1036 4003 1046 4056; x_wconf 86' lang='lat' dir='ltr'><strong>i</strong></span> <span class='ocrx_word' id='word_1_371' title='bbox 1063 4005 1155 4073; x_wconf 81' lang='lat' dir='ltr'><strong>pareri</strong></span> <span class='ocrx_word' id='word_1_372' title='bbox 1173 4002 1280 4055; x_wconf 81' lang='grc'><strong>10100-</strong></span> 
     </span>
     <span class='ocr_line' id='line_1_46' title="bbox 160 4072 856 4142; baseline 0.01 -22"><span class='ocrx_word' id='word_1_373' title='bbox 160 4085 223 4138; x_wconf 86' lang='lat' dir='ltr'><strong>poa,</strong></span> <span class='ocrx_word' id='word_1_374' title='bbox 241 4087 389 4138; x_wconf 77' lang='lat' dir='ltr'><strong>quaerero</strong></span> <span class='ocrx_word' id='word_1_375' title='bbox 407 4072 477 4141; x_wconf 82' lang='lat' dir='ltr'><strong>typis</strong></span> <span class='ocrx_word' id='word_1_376' title='bbox 495 4088 624 4139; x_wconf 88' lang='lat' dir='ltr'><strong>nunquam</strong></span> <span class='ocrx_word' id='word_1_377' title='bbox 641 4072 856 4142; x_wconf 86' lang='lat' dir='ltr'><strong>excudebantur.)</strong></span> 
     </span>
    </p>
   </div>
   <div class='ocr_carea' id='block_1_23' title="bbox 117 4137 1281 4477">
    <p class='ocr_par' dir='ltr' id='par_1_25' title="bbox 117 4137 1281 4477">
     <span class='ocr_line' id='line_1_47' title="bbox 117 4137 1281 4220; baseline 0.001 -22"><span class='ocrx_word' id='word_1_378' title='bbox 117 4137 268 4200; x_wconf 82' lang='lat' dir='ltr'><strong>Hermann.</strong></span> <span class='ocrx_word' id='word_1_379' title='bbox 285 4143 451 4220; x_wconf 90' lang='lat' dir='ltr'><strong>Conring</strong></span> <span class='ocrx_word' id='word_1_380' title='bbox 486 4146 513 4202; x_wconf 93' lang='lat' dir='ltr'><strong>in</strong></span> <span class='ocrx_word' id='word_1_381' title='bbox 545 4145 700 4204; x_wconf 85' lang='lat' dir='ltr'><strong>universam</strong></span> <span class='ocrx_word' id='word_1_382' title='bbox 730 4153 819 4205; x_wconf 89' lang='lat' dir='ltr'><strong>artem</strong></span> <span class='ocrx_word' id='word_1_383' title='bbox 853 4145 987 4204; x_wconf 92' lang='lat' dir='ltr'><strong>medicam</strong></span> <span class='ocrx_word' id='word_1_384' title='bbox 1017 4143 1197 4220; x_wconf 88' lang='lat' dir='ltr'><strong>singulasque</strong></span> <span class='ocrx_word' id='word_1_385' title='bbox 1220 4140 1281 4216; x_wconf 89' lang='lat' dir='ltr'><strong>ejus</strong></span> 
     </span>
     <span class='ocr_line' id='line_1_48' title="bbox 162 4226 1281 4304; baseline 0.002 -22"><span class='ocrx_word' id='word_1_386' title='bbox 162 4233 256 4304; x_wconf 91' lang='lat' dir='ltr'><strong>partes</strong></span> <span class='ocrx_word' id='word_1_387' title='bbox 284 4227 462 4288; x_wconf 89' lang='lat' dir='ltr'><strong>introductio.</strong></span> <span class='ocrx_word' id='word_1_388' title='bbox 513 4227 698 4288; x_wconf 85' lang='lat' dir='ltr'><strong>Accesserant</strong></span> <span class='ocrx_word' id='word_1_389' title='bbox 725 4231 770 4290; x_wconf 90' lang='lat' dir='ltr'><strong>Jo.</strong></span> <span class='ocrx_word' id='word_1_390' title='bbox 793 4231 898 4291; x_wconf 89' lang='lat' dir='ltr'><strong>Rhodii</strong></span> <span class='ocrx_word' id='word_1_391' title='bbox 930 4229 1102 4303; x_wconf 89' lang='lat' dir='ltr'><strong>aliorumque</strong></span> <span class='ocrx_word' id='word_1_392' title='bbox 1133 4226 1281 4285; x_wconf 90' lang='lat' dir='ltr'><strong>consimilis</strong></span> 
     </span>
     <span class='ocr_line' id='line_1_49' title="bbox 160 4312 1279 4390; baseline 0.004 -24"><span class='ocrx_word' id='word_1_393' title='bbox 160 4312 318 4385; x_wconf 86' lang='lat' dir='ltr'><strong>argumenti</strong></span> <span class='ocrx_word' id='word_1_394' title='bbox 339 4313 593 4374; x_wconf 88' lang='lat' dir='ltr'><strong>commentationes.</strong></span> <span class='ocrx_word' id='word_1_395' title='bbox 647 4314 722 4374; x_wconf 88' lang='lat' dir='ltr'><strong>Cura</strong></span> <span class='ocrx_word' id='word_1_396' title='bbox 750 4316 855 4376; x_wconf 88' lang='lat' dir='ltr'><strong>Gunth.</strong></span> <span class='ocrx_word' id='word_1_397' title='bbox 885 4312 977 4390; x_wconf 87' lang='lat' dir='ltr'><strong>Chph.</strong></span> <span class='ocrx_word' id='word_1_398' title='bbox 1000 4312 1279 4372; x_wconf 89' lang='lat' dir='ltr'><strong>Schelhammer.</strong></span> 
     </span>
     <span class='ocr_line' id='line_1_50' title="bbox 161 4391 1281 4477; baseline 0.004 -25"><span class='ocrx_word' id='word_1_399' title='bbox 161 4391 333 4460; x_wconf 84' lang='lat' dir='ltr'><strong>Helmestad.</strong></span> <span class='ocrx_word' id='word_1_400' title='bbox 354 4393 446 4461; x_wconf 87' lang='grc'><strong>1687.</strong></span> <span class='ocrx_word' id='word_1_401' title='bbox 457 4394 487 4458; x_wconf 92' lang='grc'><strong>4.</strong></span> <span class='ocrx_word' id='word_1_402' title='bbox 509 4430 552 4443; x_wconf 89' lang='lat'><em>-</em></span> <span class='ocrx_word' id='word_1_403' title='bbox 574 4398 677 4458; x_wconf 80' lang='lat' dir='ltr'><strong>Antea:</strong></span> <span class='ocrx_word' id='word_1_404' title='bbox 701 4400 876 4461; x_wconf 85' lang='lat' dir='ltr'><strong>Helmestad.</strong></span> <span class='ocrx_word' id='word_1_405' title='bbox 888 4392 979 4456; x_wconf 80' lang='lat'><strong>1654.</strong></span> <span class='ocrx_word' id='word_1_406' title='bbox 996 4392 1028 4457; x_wconf 90' lang='grc'><strong>4.</strong></span> <span class='ocrx_word' id='word_1_407' title='bbox 1072 4406 1281 4477; x_wconf 64' lang='lat' dir='ltr'><strong>(Mamodologtc</strong></span> 
     </span>
    </p>
   </div>
   <div class='ocr_carea' id='block_1_24' title="bbox 0 0 1408 4872">
    <p class='ocr_par' dir='ltr' id='par_1_26' title="bbox 0 0 1408 4872">
     <span class='ocr_line' id='line_1_51' title="bbox 0 0 1408 4872; baseline 0 1"><span class='ocrx_word' id='word_1_408' title='bbox 0 0 1408 4872; x_wconf 95' lang='lat' dir='ltr'><strong> </strong></span> 
     </span>
    </p>
   </div>
  </div>
 </body>
</html>
