2766 4878
550 281 731 344 Pollinctum.
757 281 886 342 Mumiae.
939 375 944 384 ι
1245 287 1305 353 147

179 438 240 497 dito
264 441 320 499 etc.
341 434 360 494 l.
382 434 416 498 ll.
438 433 484 494 De
512 435 720 494 medicamentis
753 433 894 494 nonnullis
922 437 1053 496 servandi
1079 441 1222 501 cadaveris
1249 443 1306 502 vim

180 521 373 581 obtinentibus
397 520 416 585 l.
439 519 488 582 lll.
521 520 610 582 Paris.
637 515 728 580 1553.
754 514 785 580 4.

127 607 236 670 Joach.
258 607 418 684 Striippe
441 599 621 685 (Struppius)
643 623 796 664 consensus
817 603 997 664 celebriorum
1014 608 1195 683 medicorum,
1216 611 1306 670 histo-

179 694 299 751 ricorum
325 698 355 750 et
377 691 609 768 philosophomm
633 709 719 766 super
742 689 857 748 exoticis
883 685 990 764 aliquot
1006 693 1223 772 medicamentis,
1245 717 1307 756 mu-

180 777 236 836 mia
251 777 332 852 cique
354 778 491 852 cognatis,
510 775 628 834 maxime
649 793 699 851 per
719 772 892 851 Aegyptum,
913 775 1061 850 Judaeum,
1089 776 1222 838 Arabiam
1251 789 1306 844 etc.

179 863 229 920 nbi
255 863 375 920 mumiae
396 862 534 936 genuinae
553 861 591 917 ad
607 859 766 936 pyramides
784 878 818 916 ex
844 863 1044 920 concameratis
1066 866 1238 923 coemeteriis
1250 871 1308 924 Ae-

180 947 318 1024 gyptiacis
340 952 436 1004 erutae
454 963 550 1002 verum
574 943 716 1021 exemplar
736 944 950 1002 vetustissimum
969 965 1104 1006 annorum
1121 949 1308 1008 circiterMM

179 1033 351 1100 reconditur,
372 1049 435 1088 cum
456 1030 640 1088 admiratione
664 1047 757 1086 coram
782 1030 982 1106 inspiciendum
999 1031 1151 1094 exhibetur.
1174 1034 1306 1093 Francos.

180 1135 205 1174 a.
224 1115 261 1177 Μ.
285 1109 376 1175 1574.
398 1112 428 1172 4.
455 1147 495 1160 -
520 1112 615 1172 Extat
636 1116 717 1170 eliam
737 1111 837 1170 Editio
861 1118 1012 1189 germanice
1033 1121 1183 1195 comeripta
1207 1126 1232 1177 et
1249 1121 1307 1178 bre-

179 1204 267 1262 viata.
279 1212 392 1279 (Forsan
406 1209 608 1281 primoomnium
621 1210 770 1263 munierum
786 1227 854 1278 quae
866 1211 1009 1278 integraad
1025 1213 1307 1286 regionesEuropaeas

180 1282 342 1350 pervenerim
362 1298 409 1350 per
429 1281 588 1333 Venetianos
606 1279 706 1332 scilicet
723 1279 804 1331 allata
821 1288 862 1331 est
880 1279 1106 1347 Francolurtum.)

129 1353 240 1412 Melch.
267 1354 375 1412 Sebiz
398 1355 434 1411 de
460 1355 606 1411 conditura
631 1354 688 1410 sive
710 1352 910 1410 balsamatione
929 1355 1095 1415 cadaverum
1112 1357 1305 1417 humanorum.

179 1437 331 1514 Argentor.
353 1435 476 1516 (1645.)
500 1431 591 1495 1649.
616 1432 646 1498 4.
674 1441 744 1508 (Cir.
766 1459 829 1510 pag.
853 1442 926 1508 113.)

131 1519 227 1582 Andr.
249 1525 402 1581 Rivinus
436 1523 526 1600 (resp.
559 1521 626 1578 Chr.
656 1521 768 1602 Gallus)
797 1523 833 1580 de
859 1522 1025 1598 pollinctum
1056 1525 1114 1583 sive
1142 1528 1308 1586 cadaverum

181 1607 366 1666 humanorum
392 1609 535 1666 curatione
563 1612 592 1665 et
620 1606 736 1664 solemni
765 1607 927 1684 conditura,
957 1607 1043 1684 vulgo
1069 1611 1145 1668 dicta
1170 1612 1307 1671 balsama-

181 1693 266 1752 tione.
310 1691 387 1770 Lips.
410 1687 502 1753 1655.
526 1688 556 1751 4.
575 1701 673 1768 (Multa
690 1702 761 1756 circa
779 1703 957 1773 pollincturam
975 1713 1091 1760 veterum
1108 1707 1135 1761 in
1152 1708 1308 1778 universum,

181 1791 234 1826 non
251 1773 332 1826 solum
350 1774 383 1826 dc
400 1773 593 1843 Aegyptiorum
611 1771 718 1823 mumiis.
739 1774 840 1825 Auctor
855 1783 897 1826 est
914 1773 1024 1827 [livinus
1043 1778 1168 1844 praeses.)

133 1843 229 1910 Andr,
251 1846 438 1923 Gryphius
463 1846 582 1904 mumiac
604 1845 841 1904 Vratislavieuses.
874 1845 1021 1908 Vratislav.
1046 1844 1206 1913 166212.
1234 1858 1310 1925 (Mu-

183 1927 259 1982 mianr
277 1927 402 1980 describit
419 1925 598 1978 Vretisleviae
614 1925 640 1977 in
660 1925 765 1980 cilicina
783 1927 995 1998 pharmaceutica
1012 1928 1069 1982 Jac.
1088 1930 1176 1984 Crurii
1187 1949 1310 1988 asserva-

182 2005 251 2061 tam3
268 2015 294 2053 v.
311 1995 409 2048 Halleri
427 1995 488 2050 bibl.
508 2002 578 2048 anat.
601 1995 622 2048 1.
645 1995 720 2062 513.)

135 2070 208 2130 Chr.
230 2069 430 2128 Hoffmann
452 2071 535 2146 (resp.
556 2067 602 2128 Jo.
624 2066 755 2140 Melchin)
788 2067 907 2125 diatribe
931 2070 1069 2128 exoterica
1098 2073 1134 2130 de
1159 2074 1309 2151 pollinctu-

182 2173 231 2213 rae
255 2155 423 2230 antiquitate
451 2171 486 2210 ex
515 2149 640 2209 Arabum
664 2153 838 2230 potissimum
860 2153 1036 2211 monimentis
1058 2156 1203 2217 illustrata.
1246 2160 1308 2222 Jen.

184 2235 277 2301 1669.
289 2236 317 2297 4.
341 2241 393 2309 (Dc
411 2241 574 2312 pollinctum
585 2241 657 2310 apud
668 2239 757 2293 varias
773 2247 868 2310 gentes
880 2243 1004 2310 antiquas
1019 2245 1112 2298 bre'vis
1127 2247 1308 2316 dissertatio.)

136 2323 229 2386 Gahr.
253 2323 417 2381 Clauder
436 2323 585 2380 methodus
607 2321 779 2380 balsamandi
801 2342 918 2400 corpora
940 2323 1061 2382 humana
1077 2326 1187 2402 aliaque
1202 2330 1310 2406 majora

183 2410 242 2468 sine
267 2408 465 2490 evisceratione
487 2414 515 2465 et
535 2407 659 2465 sectione
679 2407 824 2482 hucusque
838 2407 932 2484 solita,
947 2408 994 2464 ubi
1012 2429 1069 2468 non
1086 2413 1172 2470 modo
1189 2415 1225 2472 de
1242 2434 1310 2472 con-

183 2493 282 2552 dituris
306 2499 431 2550 veterum
456 2488 675 2569 Aegyptiorum,
708 2490 847 2567 Arabum,
879 2492 1069 2566 Ebraeorum‚
1100 2514 1133 2553 ac
1158 2497 1185 2554 in
1218 2502 1310 2576 specie

183 2578 307 2656 corporis
334 2577 436 2635 Christi
461 2583 493 2633 ut
518 2583 547 2634 et
564 2577 761 2634 modernorum
786 2577 893 2635 diversa
917 2583 1113 2656 proponuntur
1137 2587 1189 2640 etc.
1211 2581 1310 2642 Alten-

182 2663 265 2740 burg.
293 2655 384 2721 1679.
400 2656 429 2719 4.
461 2665 554 2734 (Opus
566 2665 704 2734 copiosum
717 2673 746 2717 et
761 2665 907 2734 diligenter
923 2668 1124 2736 compositum.)

137 2749 207 2808 Chr.
243 2747 268 2806 F
277 2747 346 2804 unlr
368 2746 487 2804 mumiae
514 2746 683 2824 philologica
708 2747 903 2805 consideratio.
940 2747 1045 2811 Gdrliz.
1068 2743 1161 2808 1681.
1181 2745 1211 2809 4.
1245 2755 1310 2824 (Au-

183 2829 249 2883 toris
266 2828 390 2898 philologi
407 2830 497 2897 opus.)

136 2901 238 2962 Lettre
264 2921 311 2960 sur
335 2921 389 2958 une
411 2901 512 2958 momie
534 2898 685 2977 d'Egypte.
711 2897 790 2956 Paris
816 2894 909 2961 1692.
930 2894 960 2958 4.

135 2989 213 3050 Just.
232 2987 364 3046 Vestus
391 2981 478 3062 (resp.
499 2984 612 3061 Brebis)
634 2984 707 3061 disp.
729 2984 766 3042 de
781 2984 957 3060 pollinctura.
980 2983 1093 3043 Ersord.
1119 2981 1208 3053 1695.
1224 2983 1254 3048 4.
1267 3023 1309 3034 -

185 3070 250 3130 Qun
268 3089 363 3150 progr.
386 3070 420 3127 de
439 3072 543 3126 muntiis
563 3070 739 3146 Aegyptiacis
761 3067 838 3127 Peon·
860 3071 894 3126 ab
919 3068 954 3126 H
957 3076 1055 3126 arten
1056 3069 1110 3146 sel
1117 3093 1139 3134 s,

136 3159 200 3218 los.
221 3155 389 3215 Lanzoni
409 3159 545 3236 tractatus
567 3155 604 3212 de
626 3153 828 3212 balsamatione
853 3155 1019 3214 cadaverum
1044 3155 1071 3212 in
1092 3174 1149 3230 quo
1170 3176 1227 3216 non
1246 3164 1310 3217 tan-

182 3249 244 3300 tum
273 3242 310 3300 de
337 3239 504 3319 pollinctum
531 3238 608 3316 apud
632 3245 740 3296 veteres
771 3240 822 3296 sed
849 3239 932 3296 etiam
959 3240 996 3297 de
1028 3241 1110 3296 crariis
1136 3240 1308 3302 balsamandi

182 3329 320 3386 cadavera
348 3325 441 3382 modis
467 3325 543 3401 apud
567 3328 692 3380 recentes
719 3323 807 3380 multa
839 3325 948 3380 curiosa
977 3323 1099 3380 breviter
1122 3335 1308 3402 exponuntur.

181 3403 484 3482 Ferrar.1693.12.;
509 3407 615 3466 Gener.
647 3401 736 3470 1696.
767 3402 833 3479 123
865 3405 985 3486 Neapol.
1009 3402 1100 3471 1765.
1125 3405 1174 3472 12.
1207 3412 1309 3487 (Colle-

136 3495 381 3640 Fricollm'l'lleoph.
411 3559 569 3620 Kettner
598 3559 771 3618 schediasma
798 3561 835 3618 de
863 3561 971 3618 mumiis
1006 3557 1188 3640 Aegyptiacis
1217 3570 1247 3623 et
1273 3567 1310 3624 de

153 3657 155 3662 ’
182 3649 299 3726 egregia
325 3645 463 3724 Lipsiensi
484 3645 512 3702 in
536 3643 704 3702 bibliotheca
725 3651 849 3704 senatus.
891 3645 978 3704 Paris.
1000 3639 1091 3704 1694.
1113 3642 1143 3710 4.
1167 3682 1209 3694 —
1235 3647 1309 3707 Edi-

182 3739 221 3794 tc'o
243 3734 345 3792 altera:
365 3724 755 3809 Lips.1703.8.-Recos.
781 3732 812 3787 in
830 3729 930 3792 Franc.
953 3730 1021 3788 Ern.
1043 3732 1222 3792 Briiclrmann
1243 3754 1308 3814 epp.

181 3821 271 3880 itiner.
297 3821 401 3876 centur.
424 3815 473 3880 lll.
494 3835 523 3892 p.
546 3809 607 3874 135
628 3832 671 3889 sq.
694 3818 847 3887 (Theologi
861 3819 979 3872 auctoris
996 3821 1086 3888 opus.)

9 3899 11 3922 ⁵
137 3905 228 3966 Louis
248 3901 425 3960 Penicher
447 3899 530 3958 traitt
559 3899 608 3955 des
636 3897 861 3958 embaumemens
886 3900 965 3958 selon
993 3900 1033 3958 les
1065 3900 1187 3960 Anciens
1214 3909 1243 3962 et
1269 3903 1309 3960 les

181 3989 334 4050 Modernes
354 4004 424 4044 avec
444 4003 500 4042 nne
524 3983 693 4058 description
716 3984 752 4041 de
784 3983 919 4060 quelques
944 3987 1143 4063 compositions
1179 3988 1310 4046 balsami-

182 4093 253 4151 ques
275 4077 304 4130 et
321 4071 481 4128 odorantes.
502 4068 581 4126 Paris
601 4063 690 4126 1699.
710 4062 834 4150 (1701.)
848 4065 877 4128 8.
901 4075 1140 4145 (Pharmacopolao
1151 4093 1219 4146 opus
1230 4077 1310 4131 etiam

73 4181 77 4188 ¹
182 4153 331 4224 antiquiora
349 4150 496 4217 exhibens.)

138 4245 243 4306 Thom.
273 4241 463 4300 Greenhill
493 4237 691 4318 νεκροκηδεια
718 4256 751 4294 or
777 4237 825 4296 the
853 4244 897 4296 art
926 4241 960 4298 of
981 4240 1157 4318 embalming.
1213 4241 1306 4302 Lond.

184 4324 276 4388 1705.
300 4323 331 4390 4.
353 4331 456 4399 (Etiam
470 4329 505 4381 ad
518 4332 627 4380 veteres
642 4326 773 4396 spectat.)

12 4411 13 4424 .
137 4431 207 4492 Chr.
228 4429 393 4504 Herlzog
413 4423 634 4504 mumiographia
655 4423 763 4483 medica
789 4423 859 4482 oder
889 4422 1002 4482 Bericht
1030 4443 1087 4484 von
1116 4426 1307 4506 Egyptischen

994 4520 1057 4585 10*
