2808 4872
446 296 605 360 Literatura
626 308 654 362 et
675 297 846 380 Biographia
868 301 983 362 medico.
1256 300 1298 378 lu

224 479 303 580 ll.
360 479 893 584 Dtsscrtottorwr
926 483 995 585 et
1028 485 1202 588 Pro-

512 603 907 724 anonomastos.

22 749 24 780 *
126 749 190 819 loa.
217 752 282 812 Car.
308 755 459 817 Hesfter
486 779 611 817 museum
634 759 850 837 disputeturium
870 759 1150 839 physico-medicum
1172 763 1295 843 triparti-

170 843 242 897 tum.
285 840 389 906 Zittev.
416 837 510 923 1750,
532 838 623 906 1764.
645 839 675 902 4.
702 843 775 908 Voll.
797 844 832 903 ll.
884 855 1122 928 (Dissertationum
1148 866 1200 919 etc.
1226 861 1296 920 9382

22 967 24 980 .
171 917 264 973 titulos
282 923 443 992 enumerat.)

22 987 23 1014 ³
127 987 172 1055 Jo.
195 991 263 1052 Chr.
284 993 469 1072 Goerling
490 995 570 1059 catal.
593 997 746 1054 dissertatt.
769 1001 798 1055 et
812 1004 1052 1076 programmatum
1071 1001 1108 1058 ad
1131 1004 1296 1064 medicinam

170 1079 367 1156 spectantium.
399 1080 514 1144 Ertord,
538 1075 629 1145 1796.
651 1076 682 1144 8.
725 1091 903 1164 (Bibliopolas
928 1097 1007 1152 catal.
1033 1096 1213 1168 alphabeticus
1231 1101 1296 1156 satie

22 1187 24 1222 l
128 1164 620 1312 &ffirapgheongpmssfiring
645 1233 785 1294 critisches
804 1233 1000 1314 Repertoriom
1021 1238 1072 1297 der
1090 1240 1143 1300 auf
1163 1240 1212 1300 in·
1237 1243 1297 1303 und

169 1315 386 1376 euslfiudischen
411 1317 626 1378 Lehranstaltcu
656 1339 721 1377 vom
746 1318 831 1378 Johre
857 1313 939 1380 1781
967 1322 1009 1380 bia
1037 1318 1120 1382 1800
1144 1323 1297 1404 herausge-

169 1400 337 1461 hommenen
362 1403 470 1462 Probe·
498 1405 557 1462 und
582 1402 889 1479 Einleduogsschrilten
921 1423 972 1464 aus
1004 1407 1069 1466 dem
1102 1408 1221 1471 Gebiete
1245 1414 1297 1472 der

170 1482 453 1572 Araneygelehrtheit
472 1490 531 1546 und
545 1485 741 1549 Naturlrundc.
774 1484 802 1547 l.
825 1485 947 1552 Abtheil.
969 1493 1021 1550 des
1038 1491 1229 1554 Veraeichnisa
1246 1498 1298 1556 der

170 1569 313 1630 Schriften
334 1592 391 1631 von
415 1567 624 1633 lust-1790
645 1571 817 1630 enthaltcnd.
856 1573 987 1634 Herboru
1010 1572 1100 1636 1803.
1121 1573 1150 1642 4.
1178 1593 1298 1664 (scrupe,

172 1659 307 1705 enumerat
331 1651 561 1708 notescendum
585 1653 761 1706 doctrinarum
784 1653 912 1721 ordinem,
947 1657 1076 1727 appositio
1094 1663 1252 1726 argumentis
1269 1673 1298 1720 et

171 1721 351 1775 recentiorum
369 1721 518 1778 criticorum
535 1721 720 1788 citationibua3
736 1722 820 1776 altera
836 1739 899 1794 para
916 1741 1045 1795 nunquam
1062 1727 1181 1798 prodiit.)
1278 1739 1281 1748 '

198 2093 369 2216 ΠΙ.
430 2093 865 2237 11000000
898 2100 1004 2220 rte
1035 2101 1231 2226 uitis

349 2373 350 2382 ψ
435 2239 967 2360 medicorum

306 2485 761 2638 Biographia
820 2490 1124 2607 medica.

627 2713 794 2724 .-—--—-

348 2801 429 2900 Δ.
461 2799 688 2926 Opera
708 2803 1076 2926 9000000110.

131 2988 353 3070 symphorianus
378 2991 617 3073 Champerius
645 2993 833 3072 (Champier,
861 2992 1050 3072 Campegiua)
1082 2993 1120 3052 (le
1144 2995 1298 3055 medicinae

172 3075 253 3133 claris
275 3078 455 3155 scriptoribus
476 3079 504 3138 in
529 3073 549 3136 5
570 3079 690 3158 partitus
711 3084 856 3139 tractatus.
900 3076 1029 3155 (Luget,
1059 3077 1102 3141 cl
1128 3076 1238 3138 Dauost
1260 3081 1298 3140 de

170 3159 287 3236 Troyse
313 3157 419 3239 1506.)
445 3157 475 3226 8.
521 3161 587 3223 Germ
611 3164 675 3222 aliia
699 3166 815 3222 auctoris
842 3165 956 3240 scriptio.
980 3195 1024 3208 -
1044 3161 1177 3222 Securius:
1201 3163 1295 3242 Lugd.

172 3240 266 3308 1531.
288 3239 318 3308 8.
362 3251 500 3318 (Medicus
516 3253 654 3323 principes
669 3253 793 3305 breuiter
807 3252 957 3318 recenset.)

132 3328 201 3389 0110
226 3330 400 3390 Brunt'els
422 3332 567 3410 catalogue
588 3334 733 3392 illustrium
755 3333 925 3392 medicorum
946 3331 1005 3388 sive
1031 3331 1068 3389 de
1091 3331 1186 3410 primis
1207 3335 1296 3392 medi-

170 3415 252 3474 cinae
270 3416 456 3493 scriptoribus.
499 3417 651 3494 Argentor.
670 3413 762 3480 1530.
783 3413 813 3476 4.
856 3427 989 3497 (Primum
1006 3429 1122 3482 aactoria
1139 3447 1224 3500 opus,
1251 3432 1297 3502 qui

172 3496 225 3550 hoc
242 3495 302 3567 ipso
322 3511 390 3550 suno
407 3498 527 3552 basileae
544 3499 639 3553 doctor
652 3499 860 3554 renunciabatur.
897 3496 956 3551 Lib.
974 3501 1070 3565 rarus.)

131 3567 253 3632 Remacl.
280 3568 395 3628 [luchs
420 3571 601 3630 illustriorum
622 3573 804 3648 medicorum,
829 3572 877 3645 qui
898 3571 1034 3648 superiori
1055 3569 1174 3634 saeculo¹
1192 3572 1296 3632 florue-

169 3661 238 3713 runt
262 3671 295 3714 ae
319 3655 505 3732 scripserunt,
529 3658 612 3718 vitae.
655 3653 790 3714 annexus
817 3655 845 3713 in
875 3655 951 3714 calce
976 3656 1152 3732 quorundam
1174 3658 1298 3716 neoteri-

171 3757 269 3797 corum
296 3739 457 3817 catalogue,
489 3741 538 3817 qui
564 3741 667 3800 nostris
695 3740 868 3818 temporibus
895 3741 1066 3820 scripserunt
1085 3747 1187 3800 autore
1212 3743 1297 3820 Sym·

170 3823 309 3902 phoriano
330 3823 540 3903 Campegio.
583 3825 672 3888 Paris.
698 3821 790 3890 1542.
816 3819 847 3887 8.

133 3906 287 3986 Wollgang
310 3907 329 3966 J
335 3914 437 3968 ustus
460 3905 571 3987 (sobet)
594 3909 777 3987 chronologia
798 3911 856 3968 sive
869 3915 1035 3988 temporum.
1049 3910 1213 3988 supputatio
1233 3929 1296 3970 om·

171 3995 247 4053 nium
268 3993 415 4052 illustrium
439 3997 628 4068 medicorum,
665 4001 723 4053 tam
744 4001 886 4065 ueterum,
918 4013 1002 4071 quam
1026 3997 1229 4070 recentiorum,
1267 3998 1296 4055 in

148 4079 246 4150 *omni
268 4078 425 4154 linguarum
450 4081 610 4156 cognitione
640 4098 657 4137 a
682 4080 777 4159 primis
805 4081 872 4138 anis
901 4081 1026 4138 medicae
1053 4080 1242 4138 inventoribus
1267 4087 1297 4139 et

172 4164 354 4241 scriptoribus
375 4183 465 4240 usque
489 4166 526 4223 ad
551 4171 675 4223 nostram
695 4171 824 4223 aetatem.
854 4164 985 4222 Francos.
1002 4165 1040 4220 ad
1052 4163 1147 4226 Viadr.
1161 4158 1252 4226 1556.
1265 4159 1295 4228 8.

173 4244 274 4312 (Rarus
292 4245 358 4298 liber
373 4247 420 4299 scd
438 4245 520 4299 minus
537 4253 661 4300 accurate
679 4246 844 4315 compositus,
863 4250 914 4313 cfr.
928 4244 1072 4297 Leclerc
1085 4243 1296 4300 1110000006-

173 4313 229 4366 dee.
247 4315 362 4382 preiace.
386 4315 499 4383 Einad.
511 4315 624 4368 auctoris
643 4329 723 4384 opusc
744 4317 865 4368 000100
884 4315 1044 4370 necdentes.
1062 4321 1088 4366 et
1107 4315 1240 4380 0000000.
1259 4317 1296 4368 il·

173 4384 250 4438 lartr.
268 4383 419 4437 schalmum
434 4385 519 4440 totius
537 4385 666 4454 Europae
682 4383 824 4438 erectiones
841 4390 892 4438 ete.
925 4382 1058 4453 Vtrotorg.
1083 4383 1159 4438 ltus.
1177 4382 1204 4439 8.
1229 4399 1294 4454 par-

172 4451 216 4506 tim
232 4452 283 4506 bue
301 4451 392 4520 treit)
506 4501 512 4517 ‚
999 4533 1043 4597 ἓ*

1297 4681 1349 4692 ’μ
