2766 4878
632 262 794 326 Diaetetioe.

274 415 334 510 b.
393 410 767 510 Diuetcttce
814 410 1136 512 ueterum.

119 583 188 644 Car.
225 583 285 642 Jos.
322 603 390 644 van
419 585 537 644 Cootb
564 583 683 643 diatribe
724 583 842 662 (inaug.)
882 584 910 642 in
947 585 1122 644 diaeteticam
1159 590 1294 660 veterum,

163 669 284 728 maxime
312 669 341 728 iu
373 668 438 728 Auli
469 670 555 730 Corn.
584 669 660 726 Celsi
689 677 841 746 praecepta
867 669 1027 744 diaetetica‚
1057 670 1237 748 Hippocratis
1265 678 1295 730 et

164 755 268 813 Galeni
292 754 399 833 placitis
423 755 567 816 illustrata.
605 751 728 828 Trajecti
754 753 791 810 ad
817 752 956 814 Rhenum.
983 749 1072 812 1835.
1095 749 1124 814 8.
1163 760 1251 826 (Bona
1266 767 1296 814 et

167 836 278 918 copiosa
296 835 486 920 disquisitiotin
504 834 662 888 diaeteticen
680 842 812 902 veterum,
830 832 937 904 primum
954 835 1112 903 generatim,
1138 836 1198 890 dein
1215 837 1294 903 caut,

120 905 566 1052 Jollllddlrbedildaddlllhgibus
591 975 699 1033 cibariis
725 979 754 1032 et
776 973 911 1032 vestiariis
940 975 1119 1054 Pythagorae
1143 997 1295 1060 earumque

165 1063 267 1126 causis.
310 1061 373 1127 Jen.
400 1057 494 1122 1711.
515 1055 546 1124 4.
571 1057 819 1137 (efr.pag.156.)

524 1258 579 1341 o.
650 1241 897 1339 Victore.

286 1415 288 1421 ·
399 1413 523 1520 ..aa-
585 1393 983 1483 Generatim·

120 1554 171 1618 Jo.
192 1551 300 1630 Traug.
324 1552 482 1614 Leberecht
506 1551 607 1613 Danz
628 1551 754 1612 Versuch
772 1551 848 1610 einer
862 1550 1045 1626 allgemeinen
1063 1549 1229 1612 Geschichte
1244 1554 1296 1613 der

166 1640 370 1698 menschlichen
391 1637 644 1715 Nahrungsmittel.
680 1633 708 1694 l.
731 1637 822 1694 Band.
853 1633 952 1712 Leipz.
976 1629 1069 1698 1806.
1096 1631 1125 1694 8.
1144 1648 1295 1718 (09⁰2...

169 1725 239 1772 sturu
256 1725 284 1772 ct
301 1720 445 1784 eruditum,
471 1721 517 1774 ced
540 1720 608 1772 ultra
631 1717 740 1788 primum
767 1717 816 1769 hoc
833 1716 968 1780 volumen,
993 1717 1063 1784 quod
1081 1716 1214 1770 historiam
1230 1727 1295 1776 ante

168 1787 238 1856 ignis
255 1805 327 1842 usum
343 1789 467 1858 continet,
482 1807 533 1842 non
546 1787 735 1851 continuatum
752 1793 845 1839 auctor
859 1785 998 1852 theologus
1013 1792 1079 1851 erat,
1094 1803 1145 1838 non
1159 1787 1295 1858 medicus.)

119 1860 173 1924 Jo.
197 1861 308 1924 Herrm.
331 1863 468 1920 Becker
488 1861 614 1920 Versuch
634 1861 709 1918 einer
734 1857 901 1916 Gescbichtc
916 1860 976 1915 und
990 1856 1131 1916 Literatur
1147 1860 1198 1918 der
1214 1859 1296 1920 Nah-

165 1947 448 2023 rungsmittclhunde.
481 1946 534 2005 Mit
559 1947 635 2004 einer
656 1945 784 2003 Vorrede
806 1963 863 2000 von
889 1943 966 2003 Sam.
989 1941 1044 2006 Gli.
1065 1943 1187 2020 Vogel.
1210 1947 1296 2006 Sten-

168 2030 215 2089 ‹lal
242 2026 462 2092 1810-1812.
488 2027 516 2090 8.
539 2043 629 2112 (Opus
647 2041 777 2112 copiosum
795 2047 822 2094 et
839 2039 978 2110 diligenter
995 2039 1174 2110 compilatum
1193 2049 1234 2096 est
1250 2049 1295 2098 to·

166 2128 223 2164 mus
247 2112 345 2181 primus
370 2111 432 2164 libri
457 2112 490 2164 de
511 2111 672 2164 nutrimentis
697 2111 724 2163 in
742 2110 897 2174 universum,
916 2126 991 2178 quem
1009 2118 1102 2162 auctor
1120 2112 1295 2183 conscripsit.)

119 2185 270 2260 (ortensio
292 2185 429 2260 Lando)
444 2185 592 2260 Catalogo
618 2184 681 2242 dell'
708 2183 845 2240 inventori
869 2183 941 2240 delle
962 2199 1027 2240 cose
1056 2183 1106 2241 che
1130 2185 1155 2242 si
1183 2189 1295 2264 mangi·

167 2289 233 2342 ano,
257 2288 273 2328 c
296 2270 369 2328 delle
397 2271 527 2328 berarde
553 2267 716 2344 ch'hoggidi
740 2268 861 2326 s’usano.
905 2266 1060 2344 Composto
1089 2270 1126 2326 da
1151 2269 1189 2328 Μ.
1216 2267 1296 2332 Auo-

166 2355 244 2414 nimo
272 2355 407 2412 cittadino
432 2355 575 2432 d'Utopia.
608 2353 713 2412 Vener.
737 2347 892 2414 1518.-
913 2349 1081 2410 Danaorum
1099 2353 1183 2426 ejusd
1202 2362 1296 2415 aucto-

166 2441 206 2496 ris
234 2439 442 2498 Commentario
469 2439 541 2497 delle
567 2439 615 2516 piir
642 2437 727 2496 nobili
761 2456 777 2494 e
804 2444 978 2496 monstruose
1003 2455 1068 2495 cose
1089 2435 1201 2498 d'ltalia
1225 2461 1242 2500 c
1266 2443 1296 2502 di

166 2523 229 2580 altri
250 2521 356 2601 luoghi.
389 2523 495 2582 Venez.
511 2519 601 2582 1550.
625 2517 717 2583 1552.
744 2516 836 2583 1554.
861 2515 893 2582 8.
919 2533 1056 2602 (Auctoris
1073 2553 1165 2590 nomen
1181 2538 1229 2590 sub
1242 2557 1295 2610 pa.

167 2603 288 2656 lindromi
306 2605 389 2657 forma
406 2604 514 2674 reperiri
533 2604 628 2656 dicitur
645 2603 671 2656 in
689 2603 741 2655 fine
760 2603 860 2724 operis;
879 2604 927 2658 cir.
948 2610 1060 2656 ceterum
1091 2605 1164 2658 Vino.
1184 2609 1295 2662 Auria

168 2674 265 2725 Sicilia
283 2674 437 2729 inventrice.
455 2673 575 2726 Palermo
589 2672 664 2727 1704.
681 2672 708 2725 4.
724 2689 751 2740 p.
789 2671 835 2736 18,
854 2677 882 2724 et
897 2672 939 2726 Jo.
958 2673 1147 2726 Beolcrnanu
1164 2676 1295 2750 Beitrdgc

166 2759 217 2794 cur
237 2742 393 2794 Gesohioltte
411 2743 457 2795 der
474 2743 675 2812 Erfinduugeu‚
697 2741 747 2796 Bd.
767 2741 792 2794 5.
809 2742 849 2793 St.
871 2739 897 2795 3.
916 2742 944 2796 S.
961 2741 1034 2806 505.)

120 2814 189 2875 Car.
211 2813 291 2876 Frid.
312 2814 530 2889 Hjertstedt
561 2819 646 2892 (resp.
673 2814 718 2875 Jo.
741 2813 823 2875 Gust.
850 2813 1030 2886 Siiderstedt)
1060 2814 1127 2876 diss.
1156 2815 1194 2876 de
1219 2816 1295 2880 victu

1 2923 2 2933 ¹
165 2899 309 2958 hominum
330 2900 418 2976 prima
438 2901 535 2958 mundi
556 2905 654 2958 aetate.
683 2897 781 2975 Upsal.
808 2892 899 2960 1789.
925 2893 955 2961 4.

119 2981 369 3126 8151111111εὸἒὲ
390 2983 535 3058 alimentis,
562 2984 664 3060 quibus
690 2983 791 3042 Graeci
812 2981 993 3061 Hippocratis
1012 2987 1107 3042 aetate
1134 2985 1294 3052 utebantur.

1 3079 2 3099 ³
193 3088 258 3130 onn.
325 3079 334 3095 '
368 3115 375 3130 .

1 3147 2 3238 J
119 3153 212 3212 Janus
237 3152 419 3212 Cornutus
450 3152 616 3228 (Hagenbut
627 3171 649 3226 s.
661 3151 798 3230 Hainpol)
815 3153 852 3210 de
867 3151 1055 3211 conviviorum
1069 3157 1194 3214 veterum
1206 3155 1296 3216 Grae-

167 3257 263 3296 corum
277 3243 306 3295 et
320 3237 375 3296 hoc
390 3242 518 3316 tempore
535 3237 738 3296 Germanorum
755 3238 862 3296 ritibus.
885 3232 1181 3310 Franeof.1546.8.;
1208 3241 1295 3300 Basil.

168 3316 261 3384 1547.
288 3316 337 3380 12.
349 3354 392 3364 -
402 3321 497 3382 Recus.
509 3325 540 3380 in
554 3322 680 3382 Gronov.
704 3322 825 3380 thesaur.
845 3320 988 3396 antiquitt.
1007 3339 1098 3396 graec.
1115 3321 1216 3386 volum.
1228 3325 1294 3402 lX.)

1 3373 2 3420 l
120 3407 172 3468 Jo.
197 3406 256 3471 Jac.
280 3406 476 3465 Schaeffer
504 3407 570 3470 diss.
593 3407 630 3464 de
655 3405 788 3480 qualitate
812 3411 842 3463 et
863 3406 1021 3480 quantitate
1042 3405 1246 3486 alimentorum,
1267 3411 1295 3468 in

169 3497 306 3566 quantum
334 3496 460 3550 veterum
484 3492 677 3550 Romanorum
707 3491 802 3548 robori
830 3489 874 3548 vel
902 3490 1095 3548 conservando
1123 3492 1168 3551 vel
1196 3493 1296 3552 debili·

167 3576 257 3634 tando
283 3575 458 3639 contulerint.
489 3574 641 3652 Argentor.
672 3569 763 3634 1575.
785 3571 814 3634 4.

121 3661 171 3720 Jo.
192 3659 269 3721 Guil.
287 3661 400 3718 Stuck
426 3661 604 3736 antiquitates
622 3659 789 3722 convivales.
815 3657 916 3734 Tiguri
939 3653 1033 3722 1582.
1048 3658 1085 3731 i.;
1108 3658 1146 3718 ib.
1165 3655 1295 3726 15971.

167 3744 265 3804 Reios.
291 3764 314 3804 c.
335 3744 400 3802 otiis
425 3745 507 3818 ejmd.
537 3744 633 3820 Lugd.
651 3745 717 3808 Bet.
738 3739 864 3804 16951.
893 3756 1027 3820 (ructans
1044 3757 1159 3825 theologi
1179 3775 1244 3828 φη,
1262 3760 1295 3814 de

168 3824 306 3890 conviviis,
324 3826 463 3894 potulentis
481 3832 508 3878 et
525 3824 663 3878 esculentis
683 3827 819 3891 Graecum,
837 3825 976 3882 Romanor.
995 3834 1023 3878 et
1039 3825 1178 3890 Oriental.)

122 3897 203 3960 Patr.
224 3898 443 3956 Ciacoonius
467 3896 571 3975 (Pedro
595 3899 721 3974 Chacon)
750 3900 787 3956 de
816 3899 934 3957 triclinio
962 3901 1022 3958 sive
1050 3900 1088 3958 de
1113 3901 1200 3958 modo
1226 3921 1296 3962 cou-

167 3983 281 4042 vivandi
306 3984 382 4060 apud
407 3983 513 4060 priscos
538 3983 682 4041 Romanos
710 3988 739 4042 et
773 3985 810 4042 de
834 3985 1022 4042 conviviorum
1044 3990 1191 4063 apparatu.
1231 3991 1295 4058 (Ac-

168 4071 244 4126 cedit
265 4071 358 4124 Fulvii
381 4072 510 4124 Ursini
534 4071 671 4142 appendix
697 4079 726 4124 et
749 4073 864 4125 Hieron.
890 4073 1124 4126 Mercurialis
1156 4072 1190 4125 de
1216 4093 1294 4128 accu-

167 4157 244 4212 bitus
269 4155 298 4208 in
320 4174 405 4210 coena
426 4157 594 4227 antiquorum
610 4156 718 4225 origine
733 4158 813 4224 diss.)
839 4148 1095 4224 Rom.1588.8.;
1121 4153 1294 4234 Heidelberg

169 4233 265 4296 1591).
279 4233 327 4308 8.;
353 4238 469 4300 Amstel.
481 4233 572 4300 1664.
586 4233 652 4310 123
673 4239 740 4296 ibid.
754 4234 927 4312 1689.12.;
952 4238 1030 4318 Lips.
1043 4233 1135 4302 1758.
1155 4234 1202 4296 12.
1232 4238 1296 4300 Cum

162 4323 240 4401 sugg.
251 4355 292 4366 -
303 4321 390 4381 Redit
399 4326 429 4382 in
441 4321 474 4380 C.
486 4321 607 4400 Opuscc.
614 4323 698 4382 Rom.
707 4319 800 4384 1608.
809 4318 838 4382 8.
851 4330 876 4384 ot
889 4327 919 4382 in
934 4323 1047 4384 Graevii
1056 4323 1177 4382 thesaur.
1187 4327 1295 4404 antiqu.

123 4407 255 4468 Barthol.
277 4407 475 4466 Burchelat
496 4408 624 4467 Charitas
644 4427 667 4466 s.
688 4409 843 4470 convivium
868 4409 1035 4488 dialogicum
1067 4417 1174 4493 septem
1201 4412 1296 4492 physi-

1334 4653 1376 4672 A.
