2788 4884
590 283 730 348 Medicina
750 289 871 370 pnblica.
1256 309 1321 375 209

135 431 213 495 Ern.
226 430 336 493 Ludov.
354 433 429 495 Gnil.
451 432 568 496 Nehel
591 457 686 517 progr.
709 443 807 504 medici
828 447 905 508 unde
926 449 1055 513 dicantur
1077 459 1203 534 gratiosi.
1224 463 1318 531 Giess.

187 513 281 582 1824.
301 515 333 580 4.

134 599 206 682 (Jo.
233 605 296 666 Car.
320 603 394 661 Guil.
417 603 606 686 Moehsen)
640 607 846 670 Commentatio
872 617 962 694 prima
988 621 1025 680 de
1051 625 1164 685 medicis
1194 634 1317 706 equestri

188 689 327 764 dignitate
353 689 467 751 ornatis.
510 689 666 750 Praemissa
687 701 731 752 est
753 697 909 759 dissertatio
931 705 967 762 de
989 725 1055 764 vera
1076 711 1207 772 felicitate
1221 735 1238 775 e
1254 724 1315 776 stu-

187 775 238 830 dio
261 779 289 832 et
310 773 441 831 exercitio
468 775 535 831 artis
556 778 681 835 medicae
706 781 857 857 capienda,
883 787 1051 868 philosopho
1073 813 1163 871 aeque
1188 818 1221 858 ac
1242 803 1315 861 chri-

186 859 281 916 stiano
310 859 407 932 digna.
450 859 543 917 Berol.
575 859 715 931 (Norimb.
743 859 850 948 1768.)
877 867 905 928 4.
940 877 993 944 (Ad
1014 882 1135 938 ordinum
1150 891 1314 958 equestrium

187 938 268 994 medii
284 939 345 992 aevi
362 937 522 1008 charumque
539 942 666 1010 ejusmodi
682 943 850 1002 sodalitatem
867 949 1023 1025 historiam.)

444 1112 535 1198 bb.
584 1115 1016 1218 nauseatores.

2 1338 9 1349 ,
132 1283 295 1362 Polycarp.
320 1282 355 1346 F.
381 1283 566 1343 Schacher
588 1284 692 1364 (praes.
716 1289 808 1369 Chph.
833 1293 919 1371 Woll)
942 1300 1009 1363 diss.
1030 1301 1095 1366 hist.
1116 1307 1176 1371 crit.
1203 1309 1240 1368 de
1261 1311 1315 1388 ho·¹

187 1370 303 1427 moribus
327 1369 497 1426 medicorum
522 1373 599 1447 apud
621 1379 739 1432 veteres.
768 1376 847 1456 Lips.
870 1375 963 1442 1732.
988 1381 1017 1447 4.
1044 1393 1123 1458 (Scir.
1145 1401 1238 1467 opus.)

3 1473 9 1487 =
133 1453 227 1512 Gius.
261 1453 466 1511 Benvenuti
504 1455 578 1512 della
612 1459 778 1520 condizione
805 1463 850 1522 de'
877 1469 976 1526 medici
1005 1490 1104 1550 presso
1133 1477 1172 1552 gli
1201 1481 1312 1545 antichi.

184 1537 309 1613 Peragia
333 1531 426 1599 1779.
448 1531 562 1614 (1780.)
587 1535 617 1598 4.

5 1620 10 1637 ·
133 1622 213 1682 Car.
239 1621 473 1680 Drelinconrt
493 1623 625 1700 apologia
646 1627 764 1700 medica,
790 1649 846 1706 qua
862 1633 1009 1710 depellitur
1026 1637 1072 1696 illa
1090 1641 1236 1716 calumnia,
1254 1668 1314 1706 ma

133 1700 144 1707 ’
186 1707 267 1764 dicos
287 1707 423 1764 sexcentis
434 1706 513 1764 annis
529 1707 621 1766 Roma
635 1711 769 1770 exulasse.
790 1713 955 1790 Lugdssat.
967 1720 1060 1795 (nonis
1071 1724 1142 1803 Jul.)
1158 1725 1249 1794 1671.
1263 1727 1313 1794 12.

183 1789 287 1849 Editio
310 1791 398 1848 alteru
418 1793 452 1848 ab
473 1797 580 1850 auctore
603 1799 712 1853 curata:
736 1795 771 1857 L.
790 1799 823 1861 B.
852 1796 944 1862 1672.
970 1799 1019 1866 12.

4 1916 11 1951 :
135 1876 207 1956 (Jo.
229 1875 306 1936 Frid.
332 1875 606 1935 Boeclrelmann
628 1878 701 1954 lCt.)
722 1880 850 1942 Medicus
873 1887 1019 1946 Romanus
1047 1911 1142 1951 servus
1167 1901 1313 1974 sexaginta

185 1960 283 2018 solidis
309 1960 479 2025 aestimatus,
502 1961 560 2018 sive
579 1967 715 2020 tractatus
737 1967 774 2023 de
798 1976 922 2028 veterum
949 1975 1119 2035 medicorum
1144 1983 1313 2060 nominibus,

183 2044 377 2105 functionibus
405 2050 435 2102 et
461 2044 506 2101 vili
533 2047 695 2125 conditione
716 2068 831 2126 prorsus
859 2055 949 2113 aliena
976 2059 1012 2115 ab
1034 2069 1094 2119 arte
1116 2069 1248 2141 statuque
1269 2090 1313 2128 re-

1 2147 12 2202 ᾗ.
184 2129 318 2188 centiorls
345 2129 405 2186 aevi
434 2130 604 2187 medicorum
629 2133 853 2194 doctissimorum
885 2139 1155 2222 clarissimorumque
1180 2153 1312 2218 virorum.

65 2277 68 2280 ,
183 2213 283 2289 Lugd.
308 2214 373 2270 Bac
400 2207 491 2274 1671.
518 2210 582 2286 12.;
604 2215 671 2278 ibid.
697 2212 788 2279 1681.
811 2217 873 2294 (12.
892 2224 956 2286 Kal.
975 2225 1119 2304 Februar.)
1144 2229 1209 2308 12,;
1234 2236 1312 2316 Lips.

185 2292 281 2356 1741.
304 2293 333 2356 8.
359 2317 421 2355 cum
442 2297 550 2372 Jugleri
571 2300 638 2362 diss.
661 2302 698 2358 de
722 2304 925 2366 nundinatione
946 2327 1096 2376 servorum.
1125 2349 1167 2360 -
1205 2320 1313 2384 Quarta

184 2385 325 2460 impressio
350 2401 421 2439 anno
449 2377 531 2440 1746
557 2383 639 2460 sarto
666 2391 704 2442 est
730 2406 795 2445 carn
826 2387 913 2448 Miris.
946 2392 1004 2453 Gli.
1033 2397 1244 2475 Agnetlrler,
1269 2427 1313 2464 re.

185 2467 251 2526 cadi
279 2469 348 2524 enim
362 2465 431 2542 fecit
451 2469 569 2542 pomam
588 2469 726 2528 editionem
759 2477 827 2530 anai
851 2470 932 2535 1671
958 2480 1004 2536 suh
1025 2481 1089 2538 doro
1112 2490 1137 2540 et
1158 2486 1213 2544 loeo
1238 2494 1311 2548 uati-

186 2571 240 2631 quo
259 2553 373 2628 „poucb
394 2551 519 2626 exemplis
542 2555 572 2610 ia
595 2573 669 2610 nsum
690 2559 825 2614 societatis
849 2581 917 2636 quoe
941 2565 1074 2639 imperaror
1094 2571 1240 2644 contulit“;
1264 2595 1312 2632 ra-

185 2655 248 2694 ram
269 2637 340 2694 banc
367 2637 562 2712 impressionem
585 2639 620 2694 ab
644 2640 777 2714 originali
803 2643 919 2702 editione
934 2667 1040 2706 numero
1057 2656 1224 2727 paginarum
1248 2659 1313 2736 dig.

183 2741 284 2790 nosces,
307 2739 370 2777 cnm
395 2738 466 2778 aava
492 2722 629 2799 impressio
650 2719 707 2796 46,
734 2731 807 2782 retus
832 2721 874 2786 55
897 2735 1018 2807 paginas
1044 2735 1152 2796 tabeat.
1195 2747 1313 2814 (contra

185 2809 435 2876 Drelinconrtium.)

130 2891 270 2968 Lepidus
293 2889 482 2947 Parisinus
507 2889 769 2964 (Saxoierrateusis)
784 2897 929 2972 responsio
950 2901 987 2958 ad
1009 2901 1155 2979 epistolam
1175 2907 1313 2989 bibliopo-

183 2977 230 3034 lae
250 2973 396 3032 Leidensis
428 2974 622 3048 graeco-latini
648 2977 684 3034 de
705 2978 785 3034 exilio
811 2983 981 3041 medicorum
1006 2986 1199 3050 Romanorum
1221 3003 1250 3054 et
1275 2998 1312 3056 de
1347 3018 1350 3024 ¹

183 3060 313 3118 absurdis
334 3056 431 3116 libellis
451 3057 690 3131 Drelincurtianis,
713 3063 813 3137 quibus
842 3065 933 3124 honor
958 3071 1057 3128 nimius
1087 3077 1209 3152 antiquis
1233 3099 1312 3142 asse·

184 3145 256 3203 ritnr
277 3143 464 3218 medicastriS,
496 3143 637 3202 clarissimi
664 3153 756 3204 autem
785 3150 885 3207 medici
911 3152 1019 3229 ipsique
1043 3159 1213 3228 medicorum
1235 3167 1312 3242 prin.

184 3229 260 3307 cipes
282 3227 444 3305 praesertim
470 3227 570 3286 Batavi
598 3229 722 3286 maximis
743 3231 849 3304 injuriis
873 3241 960 3310 atque
991 3244 1163 3301 contumeliis
1184 3249 1312 3308 afficiun-

184 3319 240 3371 tur.
266 3311 360 3386 Lugd.
375 3306 608 3371 Bat.1681.12.
635 3318 709 3386 (leti
723 3319 830 3372 videtur·
848 3339 909 3374 esse
920 3325 1059 3396 scripturn,
1075 3331 1168 3386 forsan
1177 3336 1311 3393 Boeckel.

184 3392 297 3447 mannii
317 3393 377 3444 sius.

132 3467 231 3528 Andr.
254 3410 364 3523 Ottpom.
378 3393 567 3522 ldoelicke
592 3464 711 3542 epistola
728 3467 853 3542 ¹gratul,
874 3471 901 3528 in
923 3491 979 3548 qua
1001 3495 1147 3538 commune
1172 3485 1311 3546 refutatur

184 3549 385 3630 praejudicium
408 3550 530 3607 medicos
553 3569 648 3608 omnes
671 3549 779 3609 Romae
796 3553 860 3610 olim
877 3556 1001 3632 abjectae
1017 3562 1184 3624 conditionis
1204 3576 1232 3628 et
1251 3589 1310 3630 ser·

184 3655 237 3694 vos
259 3635 353 3697 fuisse.
378 3632 455 3710 Lips.
480 3627 577 3708 (1705
586 3633 616 3712 i)
639 3627 730 3697 1708.
752 3630 782 3698 4.
819 3672 826 3698 c

134 3721 215 3780 Geo.
236 3717 349 3777 Ludov.
371 3717 532 3776 Goldner
554 3719 590 3774 de
611 3719 780 3778 medicorum
808 3722 946 3798 dignitate
961 3731 991 3786 et
1002 3728 1084 3808 titulo
1099 3737 1235 3796 senatoris
1256 3739 1308 3799 illis

186 3805 250 3863 olim
272 3803 385 3861 tributo.
415 3802 507 3860 Gerae
530 3796 623 3866 1712.
644 3799 673 3865 4.
697 3802 827 3874 (Auctore
846 3830 899 3864 non
916 3817 1019 3870 medico
1036 3820 1086 3872 sed
1096 3821 1307 3898 ludimagistro.)

133 3888 231 3953 Andr.
253 3887 363 3946 Ottom.
389 3885 564 3945 Goeliclre
586 3887 622 3945 de
650 3889 852 3965 sapientissima
873 3893 937 3970 lege
959 3895 1165 3962 Atheniensium
1187 3925 1244 3982 qua
1260 3929 1307 3966 ω.

184 3973 311 4031 lemniter
332 3971 467 4028 sancitum
493 3978 563 4045 erat,
589 3990 625 4028 ne
653 3991 709 4046 qua
736 3976 840 4034 femina
868 3988 917 4038 aut
947 3976 1041 4041 servus
1072 3987 1237 4050 medicinam
1262 3994 1307 4050 di-

182 4063 282 4131 sceret,
302 4057 381 4133 epist.
408 4055 472 4112 Hal.
495 4051 610 4129 (1713.)
637 4050 728 4118 1717.
751 4053 779 4116 4.

133 4143 268 4218 Conyers
296 4139 503 4198 Middleton
530 4141 567 4198 de
592 4141 761 4200 medicorum
785 4145 861 4221 apud
890 4153 998 4206 veteres
1028 4150 1172 4214 Romanos
1199 4160 1307 4234 degan.

182 4229 251 4286 tium
277 4225 437 4284 conditione
458 4224 632 4298 dissertatio,
654 4243 710 4300 qua
732 4234 829 4285 contra
849 4229 907 4292 Jac.
930 4233 1066 4310 Sponium
1087 4245 1116 4296 ct
1132 4240 1212 4303 Rich.
1228 4245 1307 4303 Mea.

140 4355 144 4358 -
174 4311 261 4368 dium
283 4309 408 4368 servilem
435 4328 495 4367 eam
517 4311 601 4367 luisse
623 4311 787 4374 ostenditur.
815 4313 977 4393 cantabrig.
1006 4315 1096 4379 1726.
1118 4319 1147 4382 4.
1163 4359 1206 4372 -
1221 4328 1305 4405 Aegl.

181 4393 276 4455 Lond.
302 4389 394 4455 1734.
415 4389 444 4458 8.
476 4404 611 4474 (Auctoris
628 4405 745 4476 theologi
763 4425 830 4481 opus
848 4417 939 4466 contra
957 4414 1082 4562 Sporpium
1098 4419 1126 4474 in
1144 4423 1306 4480 accensas·

334 4513 338 4519 ·
1035 4501 1056 4564 4

1301 4607 1357 4616 Δ
