2766 4878
75 199 137 264 136
512 199 639 260 Historia
658 199 799 288 naturalis,

117 330 582 426 schenhitemturlirrBotanihm,
604 321 822 431 Bibliothekale,
843 351 1040 412 Buchhindler
1055 353 1115 412 und
1129 349 1257 426 Auctio-⁵
1376 373 1378 442 ἐ

118 447 235 502 natoren
250 448 302 500 etc.
324 439 377 498 ruit
399 439 474 496 einer
494 439 576 498 Vorr.
599 459 655 498 von
676 439 712 503 L.
729 439 765 504 R,
781 438 877 500 Berol.
900 433 992 498 1829.
1003 433 1033 497 8.
1060 444 1164 512 (Deest
1179 443 1252 496 acri-

119 521 179 576 beia
196 520 311 574 literaria
327 528 355 574 et
373 519 475 588 copia)

76 594 116 656 hl.
140 595 170 658 S.
192 593 334 670 Kriiger
365 591 569 670 bibliographia
600 591 739 650 butanica.
807 589 965 650 Handbuch
993 591 1043 648 der
1065 591 1251 650 botanischen

118 677 260 738 Litcratur
280 679 308 734 in
336 678 560 755 systematischer
588 676 745 752 Orduuug,
768 678 856 736 nehst
882 676 988 734 lrurzen
1015 676 1252 754 biographischen

119 761 240 822 Notizen
266 762 335 819 iiber
355 764 402 820 die
423 762 603 820 botanischeu
625 760 834 820 Schrittsteller.
879 759 974 819 Berlin
990 755 1080 824 1841.
1095 756 1125 820 8.
1148 765 1253 834 (Nimis

121 844 210 912 fugaci
229 843 327 896 calamo
346 843 540 912 conscriptum.)

78 917 133 977 Th.
156 917 193 974 Η.
217 916 253 974 0.
278 916 486 974 Burcharclt
515 913 726 992 pomologische
747 913 915 973 Bibliothelr.
969 913 1110 989 Herausg.
1133 932 1159 977 v.
1185 912 1253 972 Joh.

119 1000 261 1064 Birtter.
304 999 423 1076 Coburg
452 993 544 1058 1806.
569 995 599 1058 8.
1267 1033 1268 1036 =

429 1166 455 1217 γ.
494 1151 687 1206 ductores
705 1147 895 1205 hotmetct.

79 1253 157 1314 Paul.
173 1251 328 1329 hlarquart.
346 1254 519 1331 Schlegel
538 1274 632 1332 progr.
650 1255 686 1312 ad
706 1253 852 1312 hortenses
872 1253 1004 1312 lectiones
1020 1253 1057 1312 de
1076 1253 1256 1311 electioribus

121 1340 160 1397 rei
175 1337 318 1397 herbariae
331 1340 511 1416 scriptoribus
529 1340 673 1414 hortisque
691 1339 803 1396 medicis
822 1339 987 1414 potioribus.
1013 1338 1103 1396 Jeuae
1117 1332 1208 1398 1639.
1221 1333 1254 1396 4.

81 1419 144 1482 Car.
159 1421 339 1481 Linnaeus
355 1426 439 1502 (resp.
452 1423 601 1500 Augustiu.
613 1421 691 1498 L00)
707 1429 835 1480 auctores
848 1424 978 1482 botanici.
994 1423 1095 1500 Upsal.
1113 1417 1207 1482 1759.
1221 1417 1254 1484 4.

122 1505 208 1564 Redit
228 1512 258 1566 in
279 1506 398 1566 Amoeu.
421 1505 499 1566 acad.
523 1508 558 1571 V.
582 1528 610 1586 p.
632 1501 695 1567 273
716 1527 759 1583 sq.
783 1513 808 1565 et
828 1510 858 1565 in
879 1507 1017 1566 Fundam.
1044 1508 1104 1565 bot.
1133 1507 1178 1564 ed.
1202 1506 1257 1563 Gi-

122 1591 203 1650 llberl
225 1592 246 1649 l=
272 1613 337 1670 pag·
363 1587 404 1652 85
426 1613 468 1669 tq·
497 1605 585 1672 (Ordo
604 1604 799 1674 alphabeticum
818 1605 972 1658 exhibentur
989 1603 1108 1670 nomina,
1126 1603 1188 1656 anni
1204 1621 1257 1656 na-

122 1672 199 1736 tales,
218 1691 323 1725 munera
341 1681 368 1726 et
386 1675 487 1742 potiora
506 1691 601 1744 opera,
620 1691 684 1741 opus
702 1673 736 1725 20
754 1681 846 1742 pagg.)

81 1745 153 1804 Geo.
178 1746 254 1807 Rud.
276 1747 431 1804 Biihmer
453 1750 540 1823 (resp.
562 1747 606 1804 Jo.
630 1746 707 1803 Frid.
729 1746 836 1803 Beued.
864 1743 978 1820 Brevel)
1012 1745 1076 1802 diss.
1107 1746 1144 1802 de
1172 1745 1258 1823 plan·
1371 1802 1376 1813 ,

123 1831 159 1887 tis
181 1830 209 1887 iu
232 1833 390 1888 memoriam
415 1832 551 1888 cultorum
575 1831 731 1888 nominatis.
766 1829 857 1887 Viteh.
879 1823 969 1891 1770.
992 1823 1022 1886 4.
1043 1863 1086 1874 -
1107 1828 1257 1892 Romaiu

123 1913 246 1988 Ludwig
268 1915 392 1972 delectus
418 1915 616 1992 opusculorum
636 1917 673 1972 ad
693 1916 788 1972 scient.
807 1920 898 1971 natur.
917 1914 1110 1991 spectantium.
1144 1914 1208 1972 Vol.
1231 1914 1256 1972 Ι.

123 2017 188 2076 pag.
217 1994 276 2056 191
301 2018 343 2074 sq.
366 2031 409 2042 --
430 1999 529 2056 Editio
551 2006 632 2057 cocta
662 2005 687 2056 et
714 1999 751 2055 ad
777 2001 920 2056 nouissima
942 2005 1061 2075 temporo
1082 2001 1257 2057 continuato:

125 2081 204 2160 Lips.
228 2078 318 2142 1799.
341 2078 370 2141 S.

83 2166 157 2228 Guil.
183 2167 296 2225 Duval
321 2168 357 2225 de
378 2166 480 2245 plantis
503 2167 729 2225 nomenclaturae
750 2166 904 2225 sanctioris.
937 2164 1024 2228 Paris.
1048 2161 1138 2224 1643.
1162 2162 1191 2228 4.
1380 2205 1382 2252 3

83 2250 193 2309 Erhard
214 2252 357 2309 Reusch
379 2271 473 2330 progr.
496 2253 533 2309 de
557 2253 694 2310 botanicis
716 2272 773 2310 uon
795 2251 919 2314 medicis.
963 2245 1258 2314 Helmst.1739.·4.
1381 2269 1382 2296 ³

84 2336 157 2400 Geo.
190 2337 278 2394 Heur.
316 2337 433 2394 Goetz
464 2341 636 2413 κηποφιλος
662 2356 711 2395 seu
737 2337 773 2394 de
796 2337 911 2394 eruditis
932 2335 1077 2392 hortorum
1094 2337 1258 2410 cultoribus,

124 2441 180 2480 von
198 2421 340 2496 gelehrteu
356 2422 507 2483 Giirtuern.
525 2420 630 2479 Lubec.
649 2427 677 2478 et
687 2421 764 2498 Lips.
778 2415 868 2481 1727.
880 2417 909 2478 4.
929 2431 1095 2500 (Theologua
1107 2440 1259 2488 auctoreos

127 2503 253 2565 eruditos,
280 2502 432 2571 praesertim
451 2501 587 2570 theologos
604 2513 737 2568 recenset,
764 2505 809 2570 qui
827 2510 933 2570 praeter
951 2519 999 2554 sua
1017 2501 1105 2555 studia
1123 2504 1259 2558 hortorum

127 2573 254 2624 culturam
272 2578 434 2640 amaverant,
452 2587 543 2640 parum
561 2589 624 2640 ergo
643 2571 709 2624 lacit
726 2572 761 2624 ad
779 2571 870 2627 histor.
888 2571 1054 2637 naturalem.)

432 2726 460 2784 δ.
479 2729 693 2784 Bormiae
714 2730 904 2786 aermon.

85 2830 155 2890 Curt
177 2832 359 2910 Sprengel
384 2834 565 2909 antiquitates
587 2833 742 2891 botanicae.
782 2835 865 2911 Spec.
893 2833 915 2892 1.
944 2834 1025 2892 Cum.
1051 2829 1171 2892 trabs.
1193 2852 1257 2898 aen.
1378 2840 1383 2925 ιζ

127 2915 204 2993 nps.
229 2912 373 2980 roua-4.

85 3000 131 3058 Jo.
151 3001 249 3058 Heinr.
275 3001 455 3059 Dierbach
487 3002 534 3058 die
556 3001 719 3060 botanische
738 3001 948 3078 Terminologie
970 3003 1071 3061 ‘alteret
1098 3002 1197 3060 Zeiten
1220 3002 1260 3060 im

128 3081 270 3160 Auszuge·
313 3085 486 3160 Heidelberg
512 3081 604 3146 1894·
628 3082 657 3148 8.
688 3100 741 3166 (De
759 3098 934 3168 descriptione
959 3099 1104 3168 plantarum
1125 3100 1259 3168 apudau-

129 3173 215 3219 utores
231 3167 351 3218 Graecos
370 3161 397 3217 et
413 3166 544 3218 Romanos
562 3175 675 3233 veteres,
695 3170 727 3220 do
744 3168 859 3221 terminis
877 3167 1007 3222 botanicis
1025 3169 1096 3239 apud
1121 3169 1259 3234 Catonem,

130 3235 282 3300 Varronem,
301 3234 478 3302 Columellam,
497 3235 606 3289 Plinium
625 3237 673 3305 al.)

86 3304 163 3366 Elias
183 3308 291 3366 Fries
314 3309 672 3385 botarnskt-antiquariske
697 3307 891 3384 Excutsioner.
917 3307 989 3367 Deel
1011 3302 1125 3372 1-4.
1150 3309 1261 3388 Upsala

87 3477 188 3536 Melch.
212 3478 458 3535 Guilandinus
485 3483 513 3534 et
535 3478 621 3536 Conr.
644 3477 784 3536 Gesner
809 3476 945 3556 epistolae
961 3477 987 3534 ll
1011 3477 1047 3534 de
1065 3479 1191 3556 stirpium
1209 3478 1262 3536 ali-

130 3568 202 3638 quot
229 3562 386 3619 nominibus
413 3563 528 3620 vetustis
556 3581 589 3620 ac
617 3564 713 3636 novis,
751 3581 825 3636 quae
856 3562 949 3619 multis
978 3561 1036 3637 jam
1067 3563 1185 3621 saeculis
1216 3563 1263 3621 vel

130 3648 298 3723 ignorarunt
318 3646 428 3717 medici,
450 3647 495 3704 vel
521 3647 557 3703 de
582 3646 621 3703 eis
647 3647 820 3719 dubitarunt,
845 3654 878 3704 ut
904 3657 970 3704 sunt
1002 3646 1149 3721 Mamiras,
1172 3647 1262 3724 Moly,

131 3731 298 3804 Oloeonitis,
324 3729 506 3804 Doronicum,
530 3730 656 3788 Granum
677 3731 776 3790 alneliu
809 3731 853 3790 vel
880 3731 1017 3790 habbaziz
1043 3738 1073 3790 et
1104 3733 1156 3790 alia
1186 3751 1265 3808 com·

130 3816 218 3895 plura.
261 3815 345 3872 Basil.
377 3809 467 3874 1557.
490 3809 519 3875 8.

89 3902 134 3965 Jo.
156 3899 244 3957 Andr.
267 3899 412 3974 Murray
438 3898 608 3956 enumeratio
630 3899 827 3956 vocabulorum
854 3900 1047 3976 quorundam,
1079 3901 1179 3976 quibus
1211 3919 1264 3958 au-

132 3985 202 4061 tiqui
220 3983 332 4059 linguae
348 3983 450 4041 latinae
472 3988 600 4040 auctores
617 3981 644 4039 in
667 4003 697 4040 re
717 3984 844 4042 herbaria
863 3987 903 4042 usi
917 3991 989 4042 sunt.
1018 3984 1113 4044 Holm.
1127 3979 1221 4046 1756.
1233 3981 1265 4048 4.

91 4070 149 4129 Jac.
175 4069 317 4128 Zanoni
338 4068 434 4124 istoria
453 4068 592 4144 botanica,
618 4067 690 4124 nella
712 4068 795 4143 qualo
817 4069 839 4125 si
862 4071 1025 4127 descrivono
1048 4069 1147 4128 alcuoe
1167 4071 1266 4147 piante
1298 4138 1301 4146 Ι

134 4154 210 4231 degli
240 4153 358 4229 antichi,
392 4153 427 4210 da
455 4153 581 4210 moderni
609 4172 661 4210 con
691 4153 753 4210 altri
782 4156 857 4212 nomi
885 4161 1021 4233 proposte
1051 4173 1066 4212 e
1094 4153 1172 4212 molt’
1195 4155 1268 4214 altre

133 4259 192 4298 nou
217 4239 266 4314 piir
288 4243 441 4296 osservate.
498 4236 629 4312 Bologna
657 4232 747 4296 1675.
775 4239 793 4294 f.
826 4272 867 4282 -
902 4238 1005 4298 Latine
1033 4246 1099 4298 vert.
1127 4239 1279 4316 Cajetauo'

135 4322 258 4382 lllouti.
297 4323 407 4382 Bouou.
435 4315 526 4382 1742.
552 4322 571 4382 f.
