2788 4884
145 271 208 338 198
611 275 666 336 sn
685 276 854 340 obstetricia.

189 429 240 490 lari
264 429 460 489 observatione
483 429 521 488 ad
549 429 627 492 tabh.
652 436 774 506 quatuor
801 446 904 488 aeneas
929 426 1083 502 illustrata,
1110 445 1176 484 cum
1203 423 1315 502 quihus-

189 515 499 660 dppffladlpppporipm
530 515 678 600 literarium
712 515 910 573 additamentis
943 513 999 571 huc
1031 511 1212 575 facientibus.
1255 510 1315 568 Hal.

148 599 239 745 a.(C.
262 681 296 742 L.
317 684 534 743 villeneuve
554 684 688 743 memoire
707 683 861 758 historique
882 701 929 739 sur
953 681 1077 759 l’emploi
1101 681 1139 738 du
1163 679 1256 754 seigle
1276 697 1316 736 er-

191 769 260 846 gote'
281 788 354 846 pour
377 770 515 828 accele'rer
535 789 573 826 ou
595 770 762 830 determinet
783 767 1017 826 l’accouchement
1047 766 1136 844 cula
1159 765 1317 822 deliurauce

191 855 261 912 dans
283 854 309 911 le
330 873 377 911 cas
401 853 529 912 d'iuertie
553 855 623 912 dans
647 854 674 912 la
698 853 821 912 matrice.
852 851 931 910 Paris
947 845 1038 913 1897.
1055 845 1086 908 8.
1111 847 1177 907 Cum
1191 851 1248 906 tab.
1262 867 1317 904 ona

148 939 184 1000 Δ.
220 937 246 996 J.
269 937 427 996 Sedillot
455 937 618 996 recherches
639 939 808 1013 historiques
829 954 876 995 sur
890 935 918 994 la
933 936 1019 994 tierre
1039 933 1221 1014 puerperale.
1245 931 1317 990 Dias.

189 1023 283 1098 inaug.
316 1022 395 1080 Paris
418 1015 509 1084 1817.
533 1017 564 1085 4.

464 1171 506 1266 r.
574 1135 995 1267 creterram.

145 1325 180 1385 Ῥ.
206 1325 241 1384 Α.
269 1323 454 1384 Delacoux
480 1325 644 1404 biographie
671 1326 722 1383 des
749 1344 832 1401 sages
862 1326 977 1383 femmes
1005 1322 1126 1381 celebres
1154 1321 1316 1390 anciennes,

190 1412 338 1468 moderues
363 1417 393 1468 et
419 1412 654 1488 contemporains.
703 1408 780 1468 Avec
804 1404 847 1468 20
871 1410 1014 1486 portraits.
1066 1407 1144 1464 Paris
1171 1401 1268 1465 1833.
1286 1403 1314 1462 4.

147 1495 192 1554 Jo.
215 1495 287 1553 Geo.
310 1494 430 1552 Simon
452 1499 539 1574 (resp.
561 1495 607 1557 lo,
622 1495 660 1555 Η,
675 1491 759 1573 Lots)
775 1496 812 1552 de
830 1495 940 1570 juribus
963 1493 1158 1564 obstetricum,
1189 1492 1244 1549 wie
1265 1488 1315 1546 viel

189 1580 268 1638 ihren
289 1579 463 1655 Zeugnisseu
486 1579 514 1638 in
535 1579 620 1650 Ehe,
639 1578 899 1654 Schwingeruugs-
913 1579 972 1636 und
992 1577 1209 1635 Geburtsf'allen
1230 1575 1314 1631 Glau-

189 1665 244 1722 beu
276 1665 476 1724 beizumessen.
518 1664 583 1727 Jen.
602 1657 696 1724 1671.
720 1658 840 1746 (1678.)
864 1659 895 1728 4.
913 1695 956 1708 —-
981 1661 1077 1720 Retro.
1093 1661 1155 1720 int
1176 1655 1270 1721 1740.
1286 1652 1314 1718 4.

191 1744 263 1813 (lect
284 1742 457 1814 opusculum.)

147 1815 219 1875 Geo.
240 1815 303 1874 Alb.
325 1816 433 1874 Fried
452 1818 559 1894 (praes.
582 1813 702 1893 Kugler)
728 1817 844 1891 dejure
871 1815 1053 1875 obstetricum
1080 1814 1239 1873 secundum
1259 1816 1312 1868 sta·

187 1907 249 1960 tuta
273 1900 531 1976 Argentorateusia.
573 1899 642 1958 Pars
664 1900 684 1958 l.
707 1902 742 1964 ll.
767 1902 884 1978 Argunt.
911 1895 1002 1961 1758.
1026 1894 1118 1963 1760.
1138 1894 1172 1959 4.

145 1985 280 2046 Burcard.
308 1984 421 2043 Gtthels
442 1988 575 2044 Struve
611 1985 783 2044 schediasma
816 1987 852 2044 de
873 1993 957 2064 partu
988 1986 1134 2062 supposito
1159 1990 1190 2042 et
1218 1985 1309 2040 custo·

188 2071 235 2128 dia
255 2070 380 2146 corporis
402 2071 583 2128 foeminarum
603 2069 760 2143 illustrium,
786 2071 868 2128 variis
890 2072 1062 2146 argumentis
1081 2076 1168 2144 atque
1179 2063 1308 2142 exemplis

187 2153 362 2216 illustratum.
405 2154 468 2216 Jeu.
500 2149 591 2214 1732.
614 2150 644 2216 4.
674 2161 749 2226 (ICti
773 2177 841 2229 opus
868 2160 902 2212 de
924 2160 1038 2212 cautelis
1066 2159 1138 2228 apud
1169 2155 1306 2226 principes

186 2234 290 2320 usitatis
307 2252 355 2305 pro
372 2243 491 2304 partuum
506 2235 699 2304 legitimitate.)
1281 2303 1287 2315 ι

142 2306 211 2367 Aba.
233 2307 407 2383 Trtsingh
432 2309 524 2367 Diana
545 2309 742 2366 ontdekkende
762 2309 811 2366 het
831 2308 941 2385 geheim
963 2309 1014 2366 der
1035 2308 1180 2378 dwaazen,
1203 2305 1250 2362 die
1268 2319 1308 2376 sig

183 2393 403 2451 vroedrnecsters
428 2412 566 2452 noennen.
589 2389 839 2453 Amsterd.1750.
861 2389 890 2452 4.
926 2405 1021 2474 Multa
1044 2405 1160 2458 concinet
1185 2401 1306 2454 historica

185 2473 219 2525 tle
236 2472 346 2540 collegio
364 2473 511 2542 chirurgica
531 2473 760 2526 Amstelodanrensi
780 2483 809 2526 et
826 2476 858 2527 de
877 2476 990 2543 ejusdem
1009 2473 1054 2526 lite
1079 2491 1136 2526 curu
1154 2470 1264 2525 medicis
1279 2475 1305 2518 et

184 2541 413 2662 pprarmmppoliQ
430 2544 463 2595 de
485 2544 601 2594 sectione
625 2560 765 2610 caesarea,
790 2544 823 2596 de
847 2553 924 2597 vecte
946 2544 1150 2612 Roonhuysiano
1170 2551 1241 2608 etc.;
1259 2539 1302 2590 cfr.

212 2611 275 2662 aller
291 2611 354 2664 bibl.
373 2611 437 2665 chrr.
455 2611 489 2664 ll.
514 2610 586 2676 143.)

140 2681 262 2764 (David)
286 2683 468 2742 Mansfeld
494 2684 695 2758 Beurtheilung
716 2683 765 2741 des
790 2683 974 2759 „geistlichen
995 2684 1085 2742 Raths
1110 2685 1157 2742 fiir
1181 2681 1303 2744 Hebam-

181 2787 245 2825 men
266 2787 331 2824 vom
352 2769 570 2826 Archidiaconus
591 2770 727 2839 Harms,“
748 2769 830 2826 uebst
851 2770 926 2826 einer
946 2770 1049 2826 lurzen
1072 2769 1241 2826 Geschichte
1257 2765 1302 2821 der

181 2854 309 2927 Stdrung
323 2854 373 2910 der
384 2851 678 2911 Arzneiwissenschast
694 2853 780 2910 durch
792 2853 954 2928 geistlichen
970 2852 1166 2930 Mysticismus.
1195 2854 1301 2911 Braun-

181 2936 304 3012 schwelg
326 2931 418 3000 1825.
438 2933 468 2996 8.
504 2951 617 3015 (Contra
636 2949 716 3002 Claus
733 2949 827 3001 Harma
847 2949 1032 3004 Archidiacoui
1051 2951 1199 3004 Kilonensis
1217 2949 1299 3016 inepta

172 3015 391 3153 frigglslssfflm
414 3024 442 3070 et
458 3017 634 3088 parturientes
652 3016 773 3082 consilis;
798 3018 873 3070 simul
898 3020 950 3073 alia
974 3021 1089 3088 ejusdem
1113 3022 1218 3074 larinas
1234 3018 1298 3085 diju-

172 3289 346 3412 XX·
420 3292 827 3412 Historia
868 3295 1267 3438 pheuma*

518 3450 921 3594 coloniae.

450 3677 510 3750 u.
583 3655 995 3756 Generatim.

140 3836 186 3896 Jo.
208 3837 357 3900 Fersius
378 3839 512 3921 (Fersch)
537 3844 574 3902 de
594 3845 658 3902 viris
679 3847 707 3904 in
732 3849 876 3906 materiam
901 3848 1037 3906 medicam
1063 3855 1092 3905 et
1117 3865 1176 3906 rem
1202 3842 1295 3906 haba·

182 3923 251 3981 riam
276 3924 347 3982 bene
367 3927 480 3984 meritis.
505 3926 619 3989 Vratisl.
645 3925 736 3990 1594.
759 3945 860 4012 (Etiam
875 3945 903 3999 in
918 3947 1003 4003 naar,
1022 3945 1239 4014 schamatmog.
1252 3954 1293 3992 cr-

183 4003 283 4059 horum.
303 4006 393 4059 Colca.
412 4005 499 4072 1594.)

140 4075 204 4134 Car.
225 4096 243 4134 a
266 4075 407 4135 Khittel
429 4081 573 4139 doctrinae
589 4083 626 4140 de
641 4082 744 4140 viribus
761 4085 973 4143 medicaminum
990 4087 1059 4146 fata.
1087 4085 1153 4144 Hal.
1166 4077 1252 4146 1792.
1263 4072 1290 4139 8.

140 4160 205 4220 Car.
230 4159 306 4237 Aug.
334 4161 376 4219 de
400 4163 546 4240 Bergen
580 4167 664 4246 (resp.
697 4168 761 4225 Car.
791 4170 889 4246 Steph.
924 4169 999 4232 Lud.
1026 4170 1202 4250 Wesenleld)
1233 4167 1290 4224 diss.

182 4245 436 4305 medico-historica
456 4250 556 4308 sistens
581 4251 790 4328 chronologiam
812 4254 991 4313 formularum
1016 4258 1183 4315 medicatum
1208 4261 1235 4313 et
1253 4267 1291 4307 re·

181 4330 336 4388 mediorum
366 4332 589 4409 chirurgicorum.
613 4335 745 4396 Francos.
769 4340 806 4396 ad
830 4339 927 4398 Viadr.
955 4335 1046 4404 1754.
1062 4337 1090 4398 4.
1114 4352 1249 4422 (Excerpt.
1267 4345 1289 4397 iu

178 4409 255 4464 Wris
272 4415 398 4482 Ausuaga
415 4431 464 4466 aas
480 4415 635 4471 Dissertatt.
653 4422 706 4487 scir
728 4419 905 4476 Wandcirstc.
925 4422 978 4478 Bd.
1000 4421 1040 4474 12
1058 4421 1086 4474 S.
1103 4420 1162 4489 93.)

46 4593 145 4628 Α
