<?xml version="1.0" encoding="UTF-8"?>
<!DOCTYPE html PUBLIC "-//W3C//DTD XHTML 1.0 Transitional//EN"
    "http://www.w3.org/TR/xhtml1/DTD/xhtml1-transitional.dtd">
<html xmlns="http://www.w3.org/1999/xhtml" xml:lang="en" lang="en">
 <head>
  <title>
</title>
<meta http-equiv="Content-Type" content="text/html;charset=utf-8" />
  <meta name='ocr-system' content='tesseract 3.04.00' />
  <meta name='ocr-capabilities' content='ocr_page ocr_carea ocr_par ocr_line ocrx_word'/>
</head>
<body>
  <div class='ocr_page' id='page_1' title='image "./bibliothecamedi01chougoog_0027.png"; bbox 0 0 2808 4872; ppageno 0'>
   <div class='ocr_carea' id='block_1_1' title="bbox 640 251 1356 358">
    <p class='ocr_par' dir='ltr' id='par_1_1' title="bbox 640 251 1356 358">
     <span class='ocr_line' id='line_1_1' title="bbox 640 251 1356 358; baseline 0.001 -1"><span class='ocrx_word' id='word_1_1' title='bbox 640 295 750 358; x_wconf 69' lang='lat' dir='ltr'>uena.</span> <span class='ocrx_word' id='word_1_2' title='bbox 1121 251 1125 258; x_wconf 69' lang='grc'><strong>’</strong></span> <span class='ocrx_word' id='word_1_3' title='bbox 1236 295 1277 358; x_wconf 85' lang='lat' dir='ltr'>ra</span> <span class='ocrx_word' id='word_1_4' title='bbox 1352 252 1356 260; x_wconf 69' lang='grc'><strong>’</strong></span> 
     </span>
    </p>
   </div>
   <div class='ocr_carea' id='block_1_2' title="bbox 150 445 1276 515">
    <p class='ocr_par' dir='ltr' id='par_1_2' title="bbox 150 445 1276 515">
     <span class='ocr_line' id='line_1_2' title="bbox 150 445 1276 515; baseline 0.001 -5"><span class='ocrx_word' id='word_1_5' title='bbox 150 449 481 515; x_wconf 87' lang='lat' dir='ltr'>heschriebeuwerden.</span> <span class='ocrx_word' id='word_1_6' title='bbox 524 445 618 510; x_wconf 84' lang='lat' dir='ltr'>Nebst</span> <span class='ocrx_word' id='word_1_7' title='bbox 638 449 714 509; x_wconf 87' lang='lat' dir='ltr'>einer</span> <span class='ocrx_word' id='word_1_8' title='bbox 735 448 863 510; x_wconf 85' lang='lat' dir='ltr'>Vorrede</span> <span class='ocrx_word' id='word_1_9' title='bbox 883 468 939 509; x_wconf 86' lang='lat' dir='ltr'>rou</span> <span class='ocrx_word' id='word_1_10' title='bbox 960 449 1014 512; x_wconf 85' lang='lat' dir='ltr'>Gll.</span> <span class='ocrx_word' id='word_1_11' title='bbox 1037 449 1164 512; x_wconf 86' lang='lat' dir='ltr'>Stolle.</span> <span class='ocrx_word' id='word_1_12' title='bbox 1204 449 1276 511; x_wconf 85' lang='lat' dir='ltr'>Jena</span> 
     </span>
    </p>
   </div>
   <div class='ocr_carea' id='block_1_3' title="bbox 152 531 1276 685">
    <p class='ocr_par' dir='ltr' id='par_1_3' title="bbox 152 531 1276 685">
     <span class='ocr_line' id='line_1_3' title="bbox 152 531 1276 619; baseline 0.006 -24"><span class='ocrx_word' id='word_1_13' title='bbox 152 531 248 595; x_wconf 79' lang='grc'><strong>1740.</strong></span> <span class='ocrx_word' id='word_1_14' title='bbox 274 531 305 597; x_wconf 86' lang='grc'><strong>4.</strong></span> <span class='ocrx_word' id='word_1_15' title='bbox 349 547 436 619; x_wconf 83' lang='lat' dir='ltr'>(Opus</span> <span class='ocrx_word' id='word_1_16' title='bbox 453 548 547 600; x_wconf 89' lang='lat' dir='ltr'>bonum</span> <span class='ocrx_word' id='word_1_17' title='bbox 572 553 601 598; x_wconf 91' lang='lat' dir='ltr'>et</span> <span class='ocrx_word' id='word_1_18' title='bbox 623 545 701 599; x_wconf 91' lang='lat' dir='ltr'>hodie</span> <span class='ocrx_word' id='word_1_19' title='bbox 718 547 804 600; x_wconf 87' lang='lat' dir='ltr'>adhuc</span> <span class='ocrx_word' id='word_1_20' title='bbox 820 547 848 601; x_wconf 82' lang='lat' dir='ltr'>iu</span> <span class='ocrx_word' id='word_1_21' title='bbox 864 563 931 614; x_wconf 82' lang='lat' dir='ltr'>nsu3</span> <span class='ocrx_word' id='word_1_22' title='bbox 964 547 1085 618; x_wconf 89' lang='lat' dir='ltr'>optimum</span> <span class='ocrx_word' id='word_1_23' title='bbox 1103 563 1190 602; x_wconf 86' lang='lat' dir='ltr'>eorum</span> <span class='ocrx_word' id='word_1_24' title='bbox 1208 563 1276 618; x_wconf 78' lang='lat' dir='ltr'>quae</span> 
     </span>
     <span class='ocr_line' id='line_1_4' title="bbox 152 615 713 685; baseline 0.002 -17"><span class='ocrx_word' id='word_1_25' title='bbox 152 615 188 668; x_wconf 89' lang='lat' dir='ltr'>K.</span> <span class='ocrx_word' id='word_1_26' title='bbox 208 617 241 669; x_wconf 86' lang='lat' dir='ltr'>de</span> <span class='ocrx_word' id='word_1_27' title='bbox 259 616 369 670; x_wconf 85' lang='lat' dir='ltr'>historia</span> <span class='ocrx_word' id='word_1_28' title='bbox 387 616 529 670; x_wconf 74' lang='lat' dir='ltr'><strong>medicinae</strong></span> <span class='ocrx_word' id='word_1_29' title='bbox 547 615 713 685; x_wconf 83' lang='lat' dir='ltr'>elaboravit.)</span> 
     </span>
    </p>
   </div>
   <div class='ocr_carea' id='block_1_4' title="bbox 9 686 1277 1020">
    <p class='ocr_par' dir='ltr' id='par_1_4' title="bbox 9 686 1277 1020">
     <span class='ocr_line' id='line_1_5' title="bbox 9 686 1276 766; baseline -0.001 -19"><span class='ocrx_word' id='word_1_30' title='bbox 9 691 10 694; x_wconf 71' lang='grc'>’</span> <span class='ocrx_word' id='word_1_31' title='bbox 106 686 175 747; x_wconf 84' lang='lat' dir='ltr'>Nic.</span> <span class='ocrx_word' id='word_1_32' title='bbox 196 687 298 747; x_wconf 88' lang='lat' dir='ltr'>Franc.</span> <span class='ocrx_word' id='word_1_33' title='bbox 321 689 380 746; x_wconf 89' lang='lat' dir='ltr'>Jos.</span> <span class='ocrx_word' id='word_1_34' title='bbox 402 689 494 766; x_wconf 87' lang='lat' dir='ltr'>Eloy</span> <span class='ocrx_word' id='word_1_35' title='bbox 516 688 699 746; x_wconf 86' lang='lat' dir='ltr'>dictionnaire</span> <span class='ocrx_word' id='word_1_36' title='bbox 722 687 876 762; x_wconf 86' lang='lat' dir='ltr'>historique</span> <span class='ocrx_word' id='word_1_37' title='bbox 901 687 938 746; x_wconf 88' lang='lat' dir='ltr'>de</span> <span class='ocrx_word' id='word_1_38' title='bbox 962 686 990 744; x_wconf 92' lang='lat' dir='ltr'>la</span> <span class='ocrx_word' id='word_1_39' title='bbox 1011 687 1169 759; x_wconf 69' lang='lat' dir='ltr'>medeare,</span> <span class='ocrx_word' id='word_1_40' title='bbox 1209 707 1276 746; x_wconf 83' lang='lat' dir='ltr'>cou-</span> 
     </span>
     <span class='ocr_line' id='line_1_6' title="bbox 152 766 1275 849; baseline 0 -19"><span class='ocrx_word' id='word_1_41' title='bbox 152 779 254 832; x_wconf 88' lang='lat' dir='ltr'>tenant</span> <span class='ocrx_word' id='word_1_42' title='bbox 275 793 327 832; x_wconf 87' lang='lat' dir='ltr'>sou</span> <span class='ocrx_word' id='word_1_43' title='bbox 349 775 467 849; x_wconf 86' lang='lat' dir='ltr'>origine,</span> <span class='ocrx_word' id='word_1_44' title='bbox 492 792 537 831; x_wconf 87' lang='lat' dir='ltr'>ses</span> <span class='ocrx_word' id='word_1_45' title='bbox 558 774 676 849; x_wconf 75' lang='lat' dir='ltr'>progres</span> <span class='ocrx_word' id='word_1_46' title='bbox 699 778 751 830; x_wconf 88' lang='lat' dir='ltr'>etc.</span> <span class='ocrx_word' id='word_1_47' title='bbox 805 771 895 848; x_wconf 68' lang='lat' dir='ltr'>Liige</span> <span class='ocrx_word' id='word_1_48' title='bbox 916 777 945 829; x_wconf 88' lang='lat' dir='ltr'>et</span> <span class='ocrx_word' id='word_1_49' title='bbox 964 772 1112 830; x_wconf 79' lang='lat' dir='ltr'>Fraucfort</span> <span class='ocrx_word' id='word_1_50' title='bbox 1134 766 1224 831; x_wconf 90' lang='grc'><strong>1755.</strong></span> <span class='ocrx_word' id='word_1_51' title='bbox 1245 767 1275 830; x_wconf 87' lang='grc'><strong>8.</strong></span> 
     </span>
     <span class='ocr_line' id='line_1_7' title="bbox 152 851 1275 937; baseline -0.002 -21"><span class='ocrx_word' id='word_1_52' title='bbox 152 891 198 901; x_wconf 92' lang='lat'>·-</span> <span class='ocrx_word' id='word_1_53' title='bbox 219 857 330 916; x_wconf 75' lang='lat' dir='ltr'>italice:</span> <span class='ocrx_word' id='word_1_54' title='bbox 363 857 468 937; x_wconf 86' lang='lat' dir='ltr'>Napoli</span> <span class='ocrx_word' id='word_1_55' title='bbox 489 851 731 918; x_wconf 79' lang='lat'><strong>1761-1765.</strong></span> <span class='ocrx_word' id='word_1_56' title='bbox 757 852 786 914; x_wconf 82' lang='grc'><strong>4.</strong></span> <span class='ocrx_word' id='word_1_57' title='bbox 822 889 865 900; x_wconf 92' lang='grc'>--</span> <span class='ocrx_word' id='word_1_58' title='bbox 899 855 999 914; x_wconf 81' lang='lat' dir='ltr'>Editio</span> <span class='ocrx_word' id='word_1_59' title='bbox 1021 856 1161 914; x_wconf 79' lang='lat' dir='ltr'><em>admodum</em></span> <span class='ocrx_word' id='word_1_60' title='bbox 1182 863 1275 914; x_wconf 83' lang='lat' dir='ltr'>aucta:</span> 
     </span>
     <span class='ocr_line' id='line_1_8' title="bbox 151 941 1277 1020; baseline -0.001 -20"><span class='ocrx_word' id='word_1_61' title='bbox 151 941 276 1001; x_wconf 91' lang='lat' dir='ltr'>Diction.</span> <span class='ocrx_word' id='word_1_62' title='bbox 299 943 363 1004; x_wconf 87' lang='lat' dir='ltr'>hist.</span> <span class='ocrx_word' id='word_1_63' title='bbox 386 944 422 1001; x_wconf 92' lang='lat' dir='ltr'>de</span> <span class='ocrx_word' id='word_1_64' title='bbox 442 943 469 1000; x_wconf 94' lang='lat' dir='ltr'>la</span> <span class='ocrx_word' id='word_1_65' title='bbox 488 944 563 1001; x_wconf 91' lang='lat' dir='ltr'>me&#39;d.</span> <span class='ocrx_word' id='word_1_66' title='bbox 583 941 717 1000; x_wconf 80' lang='lat' dir='ltr'>ancienne</span> <span class='ocrx_word' id='word_1_67' title='bbox 737 947 766 999; x_wconf 86' lang='lat' dir='ltr'>et</span> <span class='ocrx_word' id='word_1_68' title='bbox 787 941 930 1018; x_wconf 79' lang='lat' dir='ltr'>moderna,</span> <span class='ocrx_word' id='word_1_69' title='bbox 956 961 993 999; x_wconf 91' lang='lat' dir='ltr'>ou</span> <span class='ocrx_word' id='word_1_70' title='bbox 1013 942 1159 999; x_wconf 82' lang='lat' dir='ltr'>memoires</span> <span class='ocrx_word' id='word_1_71' title='bbox 1180 941 1277 1020; x_wconf 88' lang='lat' dir='ltr'>dispo·</span> 
     </span>
    </p>
   </div>
   <div class='ocr_carea' id='block_1_5' title="bbox 9 1025 1376 1340">
    <p class='ocr_par' dir='ltr' id='par_1_5' title="bbox 9 1025 1376 1340">
     <span class='ocr_line' id='line_1_9' title="bbox 150 1025 1376 1106; baseline -0.002 -22"><span class='ocrx_word' id='word_1_72' title='bbox 150 1027 199 1084; x_wconf 80' lang='lat' dir='ltr'>ses</span> <span class='ocrx_word' id='word_1_73' title='bbox 222 1047 258 1085; x_wconf 91' lang='lat' dir='ltr'>eu</span> <span class='ocrx_word' id='word_1_74' title='bbox 287 1029 369 1085; x_wconf 86' lang='lat' dir='ltr'>ordre</span> <span class='ocrx_word' id='word_1_75' title='bbox 398 1026 507 1106; x_wconf 89' lang='lat' dir='ltr'>alphab.</span> <span class='ocrx_word' id='word_1_76' title='bbox 534 1046 608 1104; x_wconf 90' lang='lat' dir='ltr'>pour</span> <span class='ocrx_word' id='word_1_77' title='bbox 633 1027 719 1084; x_wconf 86' lang='lat' dir='ltr'>servir</span> <span class='ocrx_word' id='word_1_78' title='bbox 740 1027 757 1084; x_wconf 77' lang='lat' dir='ltr'>a</span> <span class='ocrx_word' id='word_1_79' title='bbox 778 1025 908 1084; x_wconf 85' lang='lat' dir='ltr'>l&#39;histoire</span> <span class='ocrx_word' id='word_1_80' title='bbox 935 1027 972 1084; x_wconf 89' lang='lat' dir='ltr'>de</span> <span class='ocrx_word' id='word_1_81' title='bbox 998 1031 1071 1084; x_wconf 89' lang='lat' dir='ltr'>cette</span> <span class='ocrx_word' id='word_1_82' title='bbox 1091 1026 1198 1084; x_wconf 88' lang='lat' dir='ltr'>science</span> <span class='ocrx_word' id='word_1_83' title='bbox 1222 1031 1275 1088; x_wconf 85' lang='lat' dir='ltr'>etc.</span> <span class='ocrx_word' id='word_1_84' title='bbox 1372 1094 1376 1100; x_wconf 27' lang='grc' dir='ltr'>Ι</span> 
     </span>
     <span class='ocr_line' id='line_1_10' title="bbox 151 1106 1322 1192; baseline 0.007 -24"><span class='ocrx_word' id='word_1_85' title='bbox 151 1110 238 1168; x_wconf 87' lang='lat' dir='ltr'>Mons</span> <span class='ocrx_word' id='word_1_86' title='bbox 260 1106 351 1171; x_wconf 88' lang='grc'><strong>1778.</strong></span> <span class='ocrx_word' id='word_1_87' title='bbox 376 1107 407 1171; x_wconf 78' lang='grc'><strong>4.</strong></span> <span class='ocrx_word' id='word_1_88' title='bbox 456 1112 520 1172; x_wconf 84' lang='lat' dir='ltr'>Votl.</span> <span class='ocrx_word' id='word_1_89' title='bbox 545 1107 575 1172; x_wconf 80' lang='grc'><strong>4.</strong></span> <span class='ocrx_word' id='word_1_90' title='bbox 628 1121 669 1185; x_wconf 88' lang='lat' dir='ltr'>(In</span> <span class='ocrx_word' id='word_1_91' title='bbox 695 1121 745 1174; x_wconf 85' lang='lat' dir='ltr'>hae</span> <span class='ocrx_word' id='word_1_92' title='bbox 773 1123 887 1176; x_wconf 86' lang='lat' dir='ltr'>secunda</span> <span class='ocrx_word' id='word_1_93' title='bbox 911 1123 1025 1176; x_wconf 82' lang='lat' dir='ltr'>editione</span> <span class='ocrx_word' id='word_1_94' title='bbox 1047 1123 1112 1176; x_wconf 85' lang='lat' dir='ltr'>satis</span> <span class='ocrx_word' id='word_1_95' title='bbox 1130 1122 1231 1192; x_wconf 87' lang='lat' dir='ltr'>plenum</span> <span class='ocrx_word' id='word_1_96' title='bbox 1249 1125 1277 1176; x_wconf 80' lang='lat' dir='ltr'>et</span> <span class='ocrx_word' id='word_1_97' title='bbox 1315 1106 1322 1119; x_wconf 55' lang='lat'>⁸</span> 
     </span>
     <span class='ocr_line' id='line_1_11' title="bbox 9 1190 1154 1288; baseline 0.002 -45"><span class='ocrx_word' id='word_1_98' title='bbox 9 1223 11 1288; x_wconf 50' lang='grc' dir='ltr'>ξ</span> <span class='ocrx_word' id='word_1_99' title='bbox 154 1191 289 1260; x_wconf 83' lang='lat' dir='ltr'>copiosum</span> <span class='ocrx_word' id='word_1_100' title='bbox 307 1209 380 1262; x_wconf 84' lang='lat' dir='ltr'>opus,</span> <span class='ocrx_word' id='word_1_101' title='bbox 400 1191 441 1246; x_wconf 88' lang='lat' dir='ltr'>cui</span> <span class='ocrx_word' id='word_1_102' title='bbox 458 1210 521 1246; x_wconf 84' lang='lat' dir='ltr'>varo</span> <span class='ocrx_word' id='word_1_103' title='bbox 539 1191 616 1282; x_wconf 66' lang='lat' dir='ltr'>iidem</span> <span class='ocrx_word' id='word_1_104' title='bbox 635 1190 732 1276; x_wconf 74' lang='lat' dir='ltr'>habere</span> <span class='ocrx_word' id='word_1_105' title='bbox 750 1208 800 1243; x_wconf 88' lang='lat' dir='ltr'>non</span> <span class='ocrx_word' id='word_1_106' title='bbox 817 1191 913 1278; x_wconf 69' lang='lat' dir='ltr'>ubique</span> <span class='ocrx_word' id='word_1_107' title='bbox 929 1192 1016 1284; x_wconf 71' lang='lat' dir='ltr'>licet.)</span> <span class='ocrx_word' id='word_1_108' title='bbox 1077 1263 1083 1278; x_wconf 33' lang='grc' dir='ltr'>ι</span> <span class='ocrx_word' id='word_1_109' title='bbox 1147 1263 1154 1278; x_wconf 92' lang='lat'><strong>.</strong></span> 
     </span>
     <span class='ocr_line' id='line_1_12' title="bbox 105 1261 1277 1340; baseline 0 -20"><span class='ocrx_word' id='word_1_110' title='bbox 105 1261 169 1322; x_wconf 87' lang='lat' dir='ltr'>Jos.</span> <span class='ocrx_word' id='word_1_111' title='bbox 202 1264 304 1340; x_wconf 73' lang='lat' dir='ltr'>Franp.</span> <span class='ocrx_word' id='word_1_112' title='bbox 329 1264 452 1324; x_wconf 89' lang='lat' dir='ltr'>Barthel</span> <span class='ocrx_word' id='word_1_113' title='bbox 481 1265 634 1322; x_wconf 82' lang='lat' dir='ltr'>Caruere</span> <span class='ocrx_word' id='word_1_114' title='bbox 670 1263 857 1339; x_wconf 75' lang='lat' dir='ltr'>bibliotheque</span> <span class='ocrx_word' id='word_1_115' title='bbox 892 1265 1026 1324; x_wconf 75' lang='lat' dir='ltr'>litterano</span> <span class='ocrx_word' id='word_1_116' title='bbox 1056 1263 1213 1338; x_wconf 86' lang='lat' dir='ltr'>hrstonque</span> <span class='ocrx_word' id='word_1_117' title='bbox 1247 1267 1277 1321; x_wconf 86' lang='lat' dir='ltr'>et</span> 
     </span>
    </p>
   </div>
   <div class='ocr_carea' id='block_1_6' title="bbox 151 1346 1278 1423">
    <p class='ocr_par' dir='ltr' id='par_1_6' title="bbox 151 1346 1278 1423">
     <span class='ocr_line' id='line_1_13' title="bbox 151 1346 1278 1423; baseline 0 -17"><span class='ocrx_word' id='word_1_118' title='bbox 151 1349 270 1423; x_wconf 89' lang='lat' dir='ltr'>critique</span> <span class='ocrx_word' id='word_1_119' title='bbox 292 1350 328 1406; x_wconf 90' lang='lat' dir='ltr'>de</span> <span class='ocrx_word' id='word_1_120' title='bbox 349 1349 375 1406; x_wconf 93' lang='lat' dir='ltr'>la</span> <span class='ocrx_word' id='word_1_121' title='bbox 399 1350 544 1408; x_wconf 73' lang='lat' dir='ltr'>medecine</span> <span class='ocrx_word' id='word_1_122' title='bbox 576 1347 709 1405; x_wconf 86' lang='lat' dir='ltr'>ancienne</span> <span class='ocrx_word' id='word_1_123' title='bbox 739 1353 768 1406; x_wconf 89' lang='lat' dir='ltr'>et</span> <span class='ocrx_word' id='word_1_124' title='bbox 796 1350 938 1406; x_wconf 82' lang='lat' dir='ltr'>moderno.</span> <span class='ocrx_word' id='word_1_125' title='bbox 991 1350 1097 1408; x_wconf 86' lang='lat' dir='ltr'>Tomes</span> <span class='ocrx_word' id='word_1_126' title='bbox 1125 1347 1159 1404; x_wconf 91' lang='lat' dir='ltr'>ll.</span> <span class='ocrx_word' id='word_1_127' title='bbox 1184 1346 1211 1406; x_wconf 79' lang='lat' dir='ltr'>A</span> <span class='ocrx_word' id='word_1_128' title='bbox 1236 1379 1278 1392; x_wconf 89' lang='lat'>-</span> 
     </span>
    </p>
   </div>
   <div class='ocr_carea' id='block_1_7' title="bbox 9 1413 1277 1581">
    <p class='ocr_par' dir='ltr' id='par_1_7' title="bbox 9 1413 1277 1581">
     <span class='ocr_line' id='line_1_14' title="bbox 9 1413 1277 1514; baseline 0.007 -25"><span class='ocrx_word' id='word_1_129' title='bbox 9 1413 37 1486; x_wconf 59' lang='lat' dir='ltr'>i.</span> <span class='ocrx_word' id='word_1_130' title='bbox 151 1433 277 1490; x_wconf 84' lang='lat' dir='ltr'>Coivart.</span> <span class='ocrx_word' id='word_1_131' title='bbox 302 1432 379 1490; x_wconf 85' lang='lat' dir='ltr'>Paris</span> <span class='ocrx_word' id='word_1_132' title='bbox 403 1428 494 1494; x_wconf 85' lang='grc'><strong>1776.</strong></span> <span class='ocrx_word' id='word_1_133' title='bbox 520 1429 550 1491; x_wconf 81' lang='grc'><strong>4.</strong></span> <span class='ocrx_word' id='word_1_134' title='bbox 586 1443 659 1510; x_wconf 93' lang='lat' dir='ltr'>(Non</span> <span class='ocrx_word' id='word_1_135' title='bbox 671 1443 779 1513; x_wconf 86' lang='lat' dir='ltr'>amplius</span> <span class='ocrx_word' id='word_1_136' title='bbox 798 1444 990 1510; x_wconf 70' lang='lat' dir='ltr'>continuatum</span> <span class='ocrx_word' id='word_1_137' title='bbox 1010 1444 1187 1514; x_wconf 83' lang='lat' dir='ltr'>supplementa</span> <span class='ocrx_word' id='word_1_138' title='bbox 1204 1444 1277 1498; x_wconf 89' lang='lat' dir='ltr'>dedit</span> 
     </span>
     <span class='ocr_line' id='line_1_15' title="bbox 152 1511 1276 1581; baseline 0.004 -17"><span class='ocrx_word' id='word_1_139' title='bbox 152 1513 260 1565; x_wconf 80' lang='lat' dir='ltr'>Bucher</span> <span class='ocrx_word' id='word_1_140' title='bbox 276 1513 302 1565; x_wconf 90' lang='lat' dir='ltr'>iu</span> <span class='ocrx_word' id='word_1_141' title='bbox 320 1513 410 1572; x_wconf 84' lang='lat' dir='ltr'>Journ.</span> <span class='ocrx_word' id='word_1_142' title='bbox 428 1515 461 1568; x_wconf 88' lang='lat' dir='ltr'>de</span> <span class='ocrx_word' id='word_1_143' title='bbox 479 1511 618 1578; x_wconf 74' lang='lat' dir='ltr'>medecina,</span> <span class='ocrx_word' id='word_1_144' title='bbox 639 1512 702 1568; x_wconf 88' lang='lat' dir='ltr'>chir.</span> <span class='ocrx_word' id='word_1_145' title='bbox 720 1519 748 1564; x_wconf 87' lang='lat' dir='ltr'>et</span> <span class='ocrx_word' id='word_1_146' title='bbox 765 1513 863 1581; x_wconf 84' lang='lat' dir='ltr'>phana.</span> <span class='ocrx_word' id='word_1_147' title='bbox 881 1513 957 1567; x_wconf 87' lang='lat' dir='ltr'>Paris</span> <span class='ocrx_word' id='word_1_148' title='bbox 977 1513 1051 1570; x_wconf 84' lang='lat'><strong>1777.</strong></span> <span class='ocrx_word' id='word_1_149' title='bbox 1070 1521 1131 1568; x_wconf 88' lang='lat' dir='ltr'>tora.</span> <span class='ocrx_word' id='word_1_150' title='bbox 1142 1512 1276 1580; x_wconf 70' lang='lat' dir='ltr'>electa.)</span> 
     </span>
    </p>
   </div>
   <div class='ocr_carea' id='block_1_8' title="bbox 9 1581 1278 2042">
    <p class='ocr_par' dir='ltr' id='par_1_8' title="bbox 9 1581 1278 2042">
     <span class='ocr_line' id='line_1_16' title="bbox 9 1581 1277 1686; baseline 0 -42"><span class='ocrx_word' id='word_1_151' title='bbox 9 1611 29 1686; x_wconf 68' lang='lat' dir='ltr'>p·</span> <span class='ocrx_word' id='word_1_152' title='bbox 106 1585 284 1663; x_wconf 85' lang='lat' dir='ltr'>Biographie</span> <span class='ocrx_word' id='word_1_153' title='bbox 311 1587 454 1649; x_wconf 76' lang='lat' dir='ltr'>medicale.</span> <span class='ocrx_word' id='word_1_154' title='bbox 498 1586 571 1648; x_wconf 87' lang='lat' dir='ltr'>Voll.</span> <span class='ocrx_word' id='word_1_155' title='bbox 594 1585 656 1642; x_wconf 88' lang='lat' dir='ltr'>Vll.</span> <span class='ocrx_word' id='word_1_156' title='bbox 681 1583 786 1646; x_wconf 83' lang='lat' dir='ltr'><strong>A-Z.</strong></span> <span class='ocrx_word' id='word_1_157' title='bbox 830 1586 907 1644; x_wconf 86' lang='lat' dir='ltr'>Paris</span> <span class='ocrx_word' id='word_1_158' title='bbox 933 1581 1155 1654; x_wconf 67' lang='grc'><strong>1810-1825.</strong></span> <span class='ocrx_word' id='word_1_159' title='bbox 1181 1582 1210 1644; x_wconf 96' lang='grc'><strong>8.</strong></span> <span class='ocrx_word' id='word_1_160' title='bbox 1235 1617 1277 1631; x_wconf 89' lang='grc'>-</span> 
     </span>
     <span class='ocr_line' id='line_1_17' title="bbox 154 1665 1278 1746; baseline 0.003 -20"><span class='ocrx_word' id='word_1_161' title='bbox 154 1669 285 1732; x_wconf 82' lang='lat' dir='ltr'>German.</span> <span class='ocrx_word' id='word_1_162' title='bbox 306 1677 374 1732; x_wconf 82' lang='lat' dir='ltr'>vert.</span> <span class='ocrx_word' id='word_1_163' title='bbox 395 1669 429 1729; x_wconf 81' lang='lat' dir='ltr'>A.</span> <span class='ocrx_word' id='word_1_164' title='bbox 452 1670 537 1728; x_wconf 86' lang='lat' dir='ltr'>Ferd.</span> <span class='ocrx_word' id='word_1_165' title='bbox 562 1669 829 1744; x_wconf 80' lang='lat' dir='ltr'>Briiggemann.</span> <span class='ocrx_word' id='word_1_166' title='bbox 851 1671 906 1728; x_wconf 93' lang='lat' dir='ltr'>Bd.</span> <span class='ocrx_word' id='word_1_167' title='bbox 929 1665 957 1728; x_wconf 93' lang='grc'><strong>1.</strong></span> <span class='ocrx_word' id='word_1_168' title='bbox 982 1669 1132 1746; x_wconf 82' lang='lat' dir='ltr'>A-Boyl,</span> <span class='ocrx_word' id='word_1_169' title='bbox 1156 1670 1278 1729; x_wconf 88' lang='lat' dir='ltr'>Halher-</span> 
     </span>
     <span class='ocr_line' id='line_1_18' title="bbox 152 1750 1277 1835; baseline 0.011 -23"><span class='ocrx_word' id='word_1_170' title='bbox 152 1756 231 1812; x_wconf 80' lang='lat' dir='ltr'>stadt</span> <span class='ocrx_word' id='word_1_171' title='bbox 254 1750 346 1812; x_wconf 74' lang='lat'><strong>1829.</strong></span> <span class='ocrx_word' id='word_1_172' title='bbox 370 1750 399 1814; x_wconf 93' lang='grc'><strong>8.</strong></span> <span class='ocrx_word' id='word_1_173' title='bbox 443 1766 642 1835; x_wconf 84' lang='lat' dir='ltr'>(OpusGalliea</span> <span class='ocrx_word' id='word_1_174' title='bbox 660 1765 748 1834; x_wconf 87' lang='lat' dir='ltr'>lingua</span> <span class='ocrx_word' id='word_1_175' title='bbox 765 1785 781 1820; x_wconf 89' lang='lat' dir='ltr'>a</span> <span class='ocrx_word' id='word_1_176' title='bbox 799 1766 880 1820; x_wconf 83' lang='lat' dir='ltr'>variis</span> <span class='ocrx_word' id='word_1_177' title='bbox 898 1766 1047 1820; x_wconf 78' lang='lat' dir='ltr'>auctoribus</span> <span class='ocrx_word' id='word_1_178' title='bbox 1065 1767 1234 1824; x_wconf 77' lang='lat' dir='ltr'>directoreh.</span> <span class='ocrx_word' id='word_1_179' title='bbox 1245 1769 1277 1825; x_wconf 77' lang='grc' dir='ltr'>Ῑι.</span> 
     </span>
     <span class='ocr_line' id='line_1_19' title="bbox 152 1834 1277 1904; baseline 0.004 -17"><span class='ocrx_word' id='word_1_180' title='bbox 152 1834 179 1890; x_wconf 87' lang='lat' dir='ltr'>J.</span> <span class='ocrx_word' id='word_1_181' title='bbox 195 1834 313 1888; x_wconf 87' lang='lat' dir='ltr'>Jourdan</span> <span class='ocrx_word' id='word_1_182' title='bbox 337 1835 509 1904; x_wconf 89' lang='lat' dir='ltr'>conscriptum</span> <span class='ocrx_word' id='word_1_183' title='bbox 534 1835 627 1888; x_wconf 84' lang='lat' dir='ltr'>seriem</span> <span class='ocrx_word' id='word_1_184' title='bbox 652 1835 839 1904; x_wconf 70' lang='lat' dir='ltr'>alphabeticum</span> <span class='ocrx_word' id='word_1_185' title='bbox 863 1836 997 1904; x_wconf 81' lang='lat' dir='ltr'>sequitur,</span> <span class='ocrx_word' id='word_1_186' title='bbox 1033 1836 1103 1888; x_wconf 86' lang='lat' dir='ltr'>vitas</span> <span class='ocrx_word' id='word_1_187' title='bbox 1127 1843 1232 1889; x_wconf 87' lang='lat' dir='ltr'>enarrat</span> <span class='ocrx_word' id='word_1_188' title='bbox 1249 1845 1277 1891; x_wconf 86' lang='lat' dir='ltr'>et</span> 
     </span>
     <span class='ocr_line' id='line_1_20' title="bbox 153 1903 1277 2042; baseline 0.003 -18"><span class='ocrx_word' id='word_1_189' title='bbox 153 1903 978 2042; x_wconf 62' lang='lat' dir='ltr'>“illitllililtltlilglii.1ttll⁰-⁵i.{tiltl⁰d.lith</span> <span class='ocrx_word' id='word_1_190' title='bbox 991 1905 1277 2042; x_wconf 54' lang='lat' dir='ltr'>liiiiiiiimai&#39;iicib</span> 
     </span>
    </p>

    <p class='ocr_par' dir='ltr' id='par_1_9' title="bbox 697 2005 1278 2036">
     <span class='ocr_line' id='line_1_21' title="bbox 697 2005 1278 2036; baseline 0.003 -23"><span class='ocrx_word' id='word_1_191' title='bbox 697 2010 705 2036; x_wconf 77' lang='lat'><strong><em>‚</em></strong></span> <span class='ocrx_word' id='word_1_192' title='bbox 1265 2005 1278 2015; x_wconf 94' lang='lat'><strong>.</strong></span> 
     </span>
    </p>
   </div>
   <div class='ocr_carea' id='block_1_9' title="bbox 152 2041 1277 2180">
    <p class='ocr_par' dir='ltr' id='par_1_10' title="bbox 152 2041 1277 2180">
     <span class='ocr_line' id='line_1_22' title="bbox 152 2041 1277 2110; baseline 0.004 -18"><span class='ocrx_word' id='word_1_193' title='bbox 152 2041 280 2092; x_wconf 85' lang='lat' dir='ltr'>bolarium</span> <span class='ocrx_word' id='word_1_194' title='bbox 298 2041 438 2108; x_wconf 85' lang='lat' dir='ltr'>medicum,</span> <span class='ocrx_word' id='word_1_195' title='bbox 474 2042 542 2110; x_wconf 88' lang='lat' dir='ltr'>quod</span> <span class='ocrx_word' id='word_1_196' title='bbox 567 2043 636 2109; x_wconf 87' lang='lat' dir='ltr'>apud</span> <span class='ocrx_word' id='word_1_197' title='bbox 659 2041 834 2094; x_wconf 83' lang='lat' dir='ltr'>Panckouclre</span> <span class='ocrx_word' id='word_1_198' title='bbox 859 2041 1023 2110; x_wconf 76' lang='lat' dir='ltr'>bibliopolam</span> <span class='ocrx_word' id='word_1_199' title='bbox 1041 2041 1211 2096; x_wconf 76' lang='lat' dir='ltr'>parisiensem</span> <span class='ocrx_word' id='word_1_200' title='bbox 1229 2045 1277 2098; x_wconf 82' lang='lat' dir='ltr'>sub</span> 
     </span>
     <span class='ocr_line' id='line_1_23' title="bbox 152 2109 960 2180; baseline 0.001 -19"><span class='ocrx_word' id='word_1_201' title='bbox 152 2109 230 2161; x_wconf 91' lang='lat' dir='ltr'>titulo</span> <span class='ocrx_word' id='word_1_202' title='bbox 249 2109 436 2162; x_wconf 82' lang='lat' dir='ltr'>Dictionnaire</span> <span class='ocrx_word' id='word_1_203' title='bbox 454 2111 498 2162; x_wconf 81' lang='lat' dir='ltr'>dos</span> <span class='ocrx_word' id='word_1_204' title='bbox 515 2109 626 2162; x_wconf 77' lang='lat' dir='ltr'>scientes</span> <span class='ocrx_word' id='word_1_205' title='bbox 645 2110 784 2162; x_wconf 73' lang='lat' dir='ltr'>medicatas</span> <span class='ocrx_word' id='word_1_206' title='bbox 803 2110 960 2180; x_wconf 82' lang='lat' dir='ltr'>prodierat.)</span> 
     </span>
    </p>
   </div>
   <div class='ocr_carea' id='block_1_10' title="bbox 107 2179 1279 2596">
    <p class='ocr_par' dir='ltr' id='par_1_11' title="bbox 107 2179 1279 2596">
     <span class='ocr_line' id='line_1_24' title="bbox 107 2179 1278 2259; baseline 0.003 -19"><span class='ocrx_word' id='word_1_207' title='bbox 107 2179 360 2259; x_wconf 83' lang='lat' dir='ltr'>Dezeimeris,</span> <span class='ocrx_word' id='word_1_208' title='bbox 394 2182 548 2240; x_wconf 81' lang='lat' dir='ltr'>Ollivier</span> <span class='ocrx_word' id='word_1_209' title='bbox 573 2179 747 2256; x_wconf 80' lang='lat' dir='ltr'>d’Angcrs</span> <span class='ocrx_word' id='word_1_210' title='bbox 769 2187 798 2240; x_wconf 87' lang='lat' dir='ltr'>et</span> <span class='ocrx_word' id='word_1_211' title='bbox 822 2180 1133 2257; x_wconf 85' lang='lat' dir='ltr'>Raige-Delorme</span> <span class='ocrx_word' id='word_1_212' title='bbox 1160 2183 1278 2244; x_wconf 89' lang='lat' dir='ltr'>diction·</span> 
     </span>
     <span class='ocr_line' id='line_1_25' title="bbox 152 2265 1279 2344; baseline 0.004 -20"><span class='ocrx_word' id='word_1_213' title='bbox 152 2267 230 2324; x_wconf 87' lang='lat' dir='ltr'>naire</span> <span class='ocrx_word' id='word_1_214' title='bbox 251 2265 406 2341; x_wconf 86' lang='lat' dir='ltr'>historique</span> <span class='ocrx_word' id='word_1_215' title='bbox 427 2268 463 2325; x_wconf 88' lang='lat' dir='ltr'>de</span> <span class='ocrx_word' id='word_1_216' title='bbox 483 2266 510 2323; x_wconf 92' lang='lat' dir='ltr'>la</span> <span class='ocrx_word' id='word_1_217' title='bbox 530 2266 674 2323; x_wconf 78' lang='lat' dir='ltr'>medecina</span> <span class='ocrx_word' id='word_1_218' title='bbox 698 2267 831 2324; x_wconf 80' lang='lat' dir='ltr'>ancienne</span> <span class='ocrx_word' id='word_1_219' title='bbox 852 2273 880 2324; x_wconf 93' lang='lat' dir='ltr'>et</span> <span class='ocrx_word' id='word_1_220' title='bbox 901 2268 1044 2336; x_wconf 82' lang='lat' dir='ltr'>moderno,</span> <span class='ocrx_word' id='word_1_221' title='bbox 1068 2286 1105 2324; x_wconf 92' lang='lat' dir='ltr'>ou</span> <span class='ocrx_word' id='word_1_222' title='bbox 1130 2268 1220 2344; x_wconf 75' lang='lat' dir='ltr'>pudcis</span> <span class='ocrx_word' id='word_1_223' title='bbox 1242 2271 1279 2329; x_wconf 91' lang='lat' dir='ltr'>de</span> 
     </span>
     <span class='ocr_line' id='line_1_26' title="bbox 152 2349 1279 2424; baseline 0.004 -16"><span class='ocrx_word' id='word_1_224' title='bbox 152 2351 287 2408; x_wconf 87' lang='lat' dir='ltr'>l&#39;histoire</span> <span class='ocrx_word' id='word_1_225' title='bbox 312 2350 454 2424; x_wconf 73' lang='lat' dir='ltr'>generale,</span> <span class='ocrx_word' id='word_1_226' title='bbox 476 2349 694 2424; x_wconf 84' lang='lat' dir='ltr'>technologique</span> <span class='ocrx_word' id='word_1_227' title='bbox 719 2357 748 2407; x_wconf 90' lang='lat' dir='ltr'>et</span> <span class='ocrx_word' id='word_1_228' title='bbox 768 2350 899 2408; x_wconf 88' lang='lat' dir='ltr'>litteraire</span> <span class='ocrx_word' id='word_1_229' title='bbox 925 2351 961 2408; x_wconf 90' lang='lat' dir='ltr'>de</span> <span class='ocrx_word' id='word_1_230' title='bbox 982 2350 1009 2408; x_wconf 92' lang='lat' dir='ltr'>la</span> <span class='ocrx_word' id='word_1_231' title='bbox 1030 2351 1184 2424; x_wconf 87' lang='lat' dir='ltr'>me&#39;deciue‚</span> <span class='ocrx_word' id='word_1_232' title='bbox 1208 2355 1279 2412; x_wconf 85' lang='lat' dir='ltr'>suiri</span> 
     </span>
     <span class='ocr_line' id='line_1_27' title="bbox 154 2433 1278 2512; baseline 0.004 -19"><span class='ocrx_word' id='word_1_233' title='bbox 154 2437 192 2493; x_wconf 89' lang='lat' dir='ltr'>de</span> <span class='ocrx_word' id='word_1_234' title='bbox 210 2435 237 2491; x_wconf 92' lang='lat' dir='ltr'>la</span> <span class='ocrx_word' id='word_1_235' title='bbox 252 2434 454 2512; x_wconf 83' lang='lat' dir='ltr'>bibliographie</span> <span class='ocrx_word' id='word_1_236' title='bbox 469 2433 602 2493; x_wconf 87' lang='lat' dir='ltr'>me&#39;dicale</span> <span class='ocrx_word' id='word_1_237' title='bbox 619 2435 658 2491; x_wconf 91' lang='lat' dir='ltr'>du</span> <span class='ocrx_word' id='word_1_238' title='bbox 673 2433 748 2490; x_wconf 88' lang='lat' dir='ltr'>XlX.</span> <span class='ocrx_word' id='word_1_239' title='bbox 766 2435 858 2511; x_wconf 76' lang='lat' dir='ltr'>siecle,</span> <span class='ocrx_word' id='word_1_240' title='bbox 884 2440 913 2492; x_wconf 89' lang='lat' dir='ltr'>et</span> <span class='ocrx_word' id='word_1_241' title='bbox 930 2436 996 2492; x_wconf 91' lang='lat' dir='ltr'>d’un</span> <span class='ocrx_word' id='word_1_242' title='bbox 1011 2436 1164 2512; x_wconf 86' lang='lat' dir='ltr'>repertoire</span> <span class='ocrx_word' id='word_1_243' title='bbox 1179 2437 1278 2497; x_wconf 92' lang='lat' dir='ltr'>biblio-</span> 
     </span>
     <span class='ocr_line' id='line_1_28' title="bbox 153 2515 1277 2596; baseline 0.006 -21"><span class='ocrx_word' id='word_1_244' title='bbox 153 2521 310 2594; x_wconf 81' lang='lat' dir='ltr'>graphique</span> <span class='ocrx_word' id='word_1_245' title='bbox 321 2538 372 2596; x_wconf 89' lang='lat' dir='ltr'>par</span> <span class='ocrx_word' id='word_1_246' title='bbox 383 2521 467 2577; x_wconf 90' lang='lat' dir='ltr'>ordre</span> <span class='ocrx_word' id='word_1_247' title='bbox 478 2521 514 2576; x_wconf 87' lang='lat' dir='ltr'>de</span> <span class='ocrx_word' id='word_1_248' title='bbox 525 2519 662 2575; x_wconf 75' lang='lat' dir='ltr'>matihres.</span> <span class='ocrx_word' id='word_1_249' title='bbox 678 2518 783 2576; x_wconf 89' lang='lat' dir='ltr'>Tomes</span> <span class='ocrx_word' id='word_1_250' title='bbox 792 2519 839 2576; x_wconf 88' lang='lat' dir='ltr'>lV.</span> <span class='ocrx_word' id='word_1_251' title='bbox 847 2517 950 2576; x_wconf 76' lang='lat' dir='ltr'>A-Z,</span> <span class='ocrx_word' id='word_1_252' title='bbox 969 2518 1047 2576; x_wconf 85' lang='lat' dir='ltr'>Paris</span> <span class='ocrx_word' id='word_1_253' title='bbox 1060 2515 1235 2579; x_wconf 69' lang='lat'><strong>1828—39.</strong></span> <span class='ocrx_word' id='word_1_254' title='bbox 1247 2519 1277 2582; x_wconf 87' lang='grc'><strong>8.</strong></span> 
     </span>
    </p>
   </div>
   <div class='ocr_carea' id='block_1_11' title="bbox 154 2599 1277 2739">
    <p class='ocr_par' dir='ltr' id='par_1_12' title="bbox 154 2599 1277 2739">
     <span class='ocr_line' id='line_1_29' title="bbox 156 2599 1277 2668; baseline 0.005 -17"><span class='ocrx_word' id='word_1_255' title='bbox 156 2600 284 2662; x_wconf 85' lang='lat' dir='ltr'>(Leuicon</span> <span class='ocrx_word' id='word_1_256' title='bbox 295 2599 351 2651; x_wconf 90' lang='lat' dir='ltr'>bio·</span> <span class='ocrx_word' id='word_1_257' title='bbox 364 2605 391 2651; x_wconf 85' lang='lat' dir='ltr'>et</span> <span class='ocrx_word' id='word_1_258' title='bbox 408 2599 639 2668; x_wconf 83' lang='lat' dir='ltr'>bibliographicunr</span> <span class='ocrx_word' id='word_1_259' title='bbox 657 2615 672 2648; x_wconf 86' lang='lat' dir='ltr'>a</span> <span class='ocrx_word' id='word_1_260' title='bbox 690 2599 806 2650; x_wconf 83' lang='lat' dir='ltr'>fontibus</span> <span class='ocrx_word' id='word_1_261' title='bbox 823 2599 991 2664; x_wconf 81' lang='lat' dir='ltr'>secundariis,</span> <span class='ocrx_word' id='word_1_262' title='bbox 1011 2600 1144 2652; x_wconf 89' lang='lat' dir='ltr'>continens</span> <span class='ocrx_word' id='word_1_263' title='bbox 1154 2601 1277 2658; x_wconf 77' lang='lat' dir='ltr'>selectum</span> 
     </span>
     <span class='ocr_line' id='line_1_30' title="bbox 154 2665 1123 2739; baseline -0.004 -15"><span class='ocrx_word' id='word_1_264' title='bbox 154 2668 312 2724; x_wconf 87' lang='lat' dir='ltr'>medicorum</span> <span class='ocrx_word' id='word_1_265' title='bbox 330 2669 439 2722; x_wconf 91' lang='lat' dir='ltr'>omnium</span> <span class='ocrx_word' id='word_1_266' title='bbox 458 2669 581 2739; x_wconf 81' lang='lat' dir='ltr'>gentium,</span> <span class='ocrx_word' id='word_1_267' title='bbox 594 2667 645 2736; x_wconf 85' lang='lat' dir='ltr'>-qui</span> <span class='ocrx_word' id='word_1_268' title='bbox 663 2665 729 2719; x_wconf 88' lang='lat' dir='ltr'>diem</span> <span class='ocrx_word' id='word_1_269' title='bbox 747 2685 893 2738; x_wconf 86' lang='lat' dir='ltr'>supremum</span> <span class='ocrx_word' id='word_1_270' title='bbox 909 2669 963 2737; x_wconf 88' lang='lat' dir='ltr'>jam</span> <span class='ocrx_word' id='word_1_271' title='bbox 980 2669 1123 2736; x_wconf 82' lang='lat' dir='ltr'>obierunt.)</span> 
     </span>
    </p>
   </div>
   <div class='ocr_carea' id='block_1_12' title="bbox 598 2866 804 2878">
    <p class='ocr_par' dir='ltr' id='par_1_13' title="bbox 598 2866 804 2878">
     <span class='ocr_line' id='line_1_31' title="bbox 598 2866 804 2878; baseline 0.01 -2"><span class='ocrx_word' id='word_1_272' title='bbox 598 2866 804 2878; x_wconf 52' lang='lat' dir='ltr'>——u-v--O-</span> 
     </span>
    </p>
   </div>
   <div class='ocr_carea' id='block_1_13' title="bbox 111 3061 1212 3324">
    <p class='ocr_par' dir='ltr' id='par_1_14' title="bbox 111 3013 1212 3324">
     <span class='ocr_line' id='line_1_32' title="bbox 180 3061 1212 3188; baseline 0.004 -8"><span class='ocrx_word' id='word_1_273' title='bbox 180 3061 303 3180; x_wconf 87' lang='lat'>11.</span> <span class='ocrx_word' id='word_1_274' title='bbox 353 3061 787 3182; x_wconf 69' lang='lat' dir='ltr'>nocturno</span> <span class='ocrx_word' id='word_1_275' title='bbox 823 3064 927 3180; x_wconf 80' lang='lat' dir='ltr'>ue</span> <span class='ocrx_word' id='word_1_276' title='bbox 960 3061 1212 3188; x_wconf 72' lang='lat' dir='ltr'>utura</span> 
     </span>
     <span class='ocr_line' id='line_1_33' title="bbox 111 3201 870 3324; baseline -0.003 -2"><span class='ocrx_word' id='word_1_277' title='bbox 111 3269 113 3272; x_wconf 24' lang='grc' dir='ltr'>ψ</span> <span class='ocrx_word' id='word_1_278' title='bbox 523 3201 870 3324; x_wconf 73' lang='lat' dir='ltr'>medicis</span> 
     </span>
    </p>
   </div>
   <div class='ocr_carea' id='block_1_14' title="bbox 673 3379 724 3417">
    <p class='ocr_par' dir='ltr' id='par_1_15' title="bbox 673 3379 724 3417">
     <span class='ocr_line' id='line_1_34' title="bbox 673 3379 724 3417; baseline -0.02 0"><span class='ocrx_word' id='word_1_279' title='bbox 673 3379 724 3417; x_wconf 75' lang='lat' dir='ltr'>Seu</span> 
     </span>
    </p>
   </div>
   <div class='ocr_carea' id='block_1_15' title="bbox 381 3451 1017 3566">
    <p class='ocr_par' dir='ltr' id='par_1_16' title="bbox 381 3451 1017 3566">
     <span class='ocr_line' id='line_1_35' title="bbox 381 3451 1017 3566; baseline 0.002 -3"><span class='ocrx_word' id='word_1_280' title='bbox 381 3452 725 3566; x_wconf 83' lang='lat' dir='ltr'>Literatma</span> <span class='ocrx_word' id='word_1_281' title='bbox 768 3451 1017 3566; x_wconf 82' lang='lat' dir='ltr'>medion.</span> 
     </span>
    </p>
   </div>
   <div class='ocr_carea' id='block_1_16' title="bbox 278 3761 1113 3862">
    <p class='ocr_par' dir='ltr' id='par_1_17' title="bbox 278 3761 1113 3862">
     <span class='ocr_line' id='line_1_36' title="bbox 278 3761 1113 3862; baseline 0.002 -6"><span class='ocrx_word' id='word_1_282' title='bbox 278 3763 358 3857; x_wconf 79' lang='grc' dir='ltr'><strong>Α.</strong></span> <span class='ocrx_word' id='word_1_283' title='bbox 425 3761 742 3862; x_wconf 69' lang='lat' dir='ltr'>Historia</span> <span class='ocrx_word' id='word_1_284' title='bbox 785 3761 1113 3862; x_wconf 73' lang='lat' dir='ltr'>literaria.</span> 
     </span>
    </p>
   </div>
   <div class='ocr_carea' id='block_1_17' title="bbox 111 3928 1279 4096">
    <p class='ocr_par' dir='ltr' id='par_1_18' title="bbox 111 3928 1279 4096">
     <span class='ocr_line' id='line_1_37' title="bbox 111 3928 1279 3992; baseline -0.001 -4"><span class='ocrx_word' id='word_1_285' title='bbox 111 3928 203 3988; x_wconf 81' lang='lat' dir='ltr'>Andr.</span> <span class='ocrx_word' id='word_1_286' title='bbox 230 3929 338 3988; x_wconf 91' lang='lat' dir='ltr'>Ottom.</span> <span class='ocrx_word' id='word_1_287' title='bbox 374 3931 550 3990; x_wconf 85' lang='lat' dir='ltr'>Goeliclre</span> <span class='ocrx_word' id='word_1_288' title='bbox 578 3934 748 3992; x_wconf 82' lang='lat' dir='ltr'>introductio</span> <span class='ocrx_word' id='word_1_289' title='bbox 777 3933 805 3991; x_wconf 90' lang='lat' dir='ltr'>in</span> <span class='ocrx_word' id='word_1_290' title='bbox 837 3933 979 3992; x_wconf 85' lang='lat' dir='ltr'>historiam</span> <span class='ocrx_word' id='word_1_291' title='bbox 1015 3933 1177 3992; x_wconf 86' lang='lat' dir='ltr'>litterariam</span> <span class='ocrx_word' id='word_1_292' title='bbox 1212 3933 1279 3990; x_wconf 52' lang='lat' dir='ltr'>scri„</span> 
     </span>
     <span class='ocr_line' id='line_1_38' title="bbox 154 4015 1279 4096; baseline 0.004 -26"><span class='ocrx_word' id='word_1_293' title='bbox 154 4021 286 4092; x_wconf 88' lang='lat' dir='ltr'>ptorum,</span> <span class='ocrx_word' id='word_1_294' title='bbox 312 4015 360 4090; x_wconf 90' lang='lat' dir='ltr'>qui</span> <span class='ocrx_word' id='word_1_295' title='bbox 379 4016 565 4076; x_wconf 86' lang='lat' dir='ltr'>institutiones</span> <span class='ocrx_word' id='word_1_296' title='bbox 587 4019 741 4076; x_wconf 88' lang='lat' dir='ltr'>medicinae</span> <span class='ocrx_word' id='word_1_297' title='bbox 766 4019 880 4096; x_wconf 81' lang='lat' dir='ltr'>scriptis</span> <span class='ocrx_word' id='word_1_298' title='bbox 896 4020 954 4078; x_wconf 87' lang='lat' dir='ltr'>suis</span> <span class='ocrx_word' id='word_1_299' title='bbox 974 4018 1110 4076; x_wconf 87' lang='lat' dir='ltr'>illustrare</span> <span class='ocrx_word' id='word_1_300' title='bbox 1131 4017 1208 4074; x_wconf 89' lang='lat' dir='ltr'>cordi</span> <span class='ocrx_word' id='word_1_301' title='bbox 1228 4017 1279 4076; x_wconf 87' lang='lat' dir='ltr'>ha·</span> 
     </span>
    </p>
   </div>
   <div class='ocr_carea' id='block_1_18' title="bbox 111 4097 1280 4246">
    <p class='ocr_par' dir='ltr' id='par_1_19' title="bbox 111 4097 1280 4246">
     <span class='ocr_line' id='line_1_39' title="bbox 155 4097 811 4162; baseline 0.006 -6"><span class='ocrx_word' id='word_1_302' title='bbox 155 4100 285 4157; x_wconf 88' lang='lat' dir='ltr'>buerunt.</span> <span class='ocrx_word' id='word_1_303' title='bbox 328 4100 459 4159; x_wconf 81' lang='lat' dir='ltr'>Francos.</span> <span class='ocrx_word' id='word_1_304' title='bbox 485 4103 522 4159; x_wconf 92' lang='lat' dir='ltr'>ad</span> <span class='ocrx_word' id='word_1_305' title='bbox 547 4101 642 4160; x_wconf 89' lang='lat' dir='ltr'>Viadr.</span> <span class='ocrx_word' id='word_1_306' title='bbox 666 4097 756 4162; x_wconf 84' lang='lat'><strong>1735.</strong></span> <span class='ocrx_word' id='word_1_307' title='bbox 781 4097 811 4160; x_wconf 83' lang='grc'><strong>4.</strong></span> 
     </span>
     <span class='ocr_line' id='line_1_40' title="bbox 111 4183 1280 4246; baseline 0.002 -6"><span class='ocrx_word' id='word_1_308' title='bbox 111 4183 156 4242; x_wconf 85' lang='lat' dir='ltr'>Jo.</span> <span class='ocrx_word' id='word_1_309' title='bbox 184 4183 261 4240; x_wconf 85' lang='lat' dir='ltr'>Frid.</span> <span class='ocrx_word' id='word_1_310' title='bbox 287 4183 532 4243; x_wconf 87' lang='lat' dir='ltr'>Blumenbach</span> <span class='ocrx_word' id='word_1_311' title='bbox 557 4186 728 4244; x_wconf 87' lang='lat' dir='ltr'>introductio</span> <span class='ocrx_word' id='word_1_312' title='bbox 752 4188 781 4244; x_wconf 92' lang='lat' dir='ltr'>iu</span> <span class='ocrx_word' id='word_1_313' title='bbox 813 4187 957 4246; x_wconf 87' lang='lat' dir='ltr'>historiam</span> <span class='ocrx_word' id='word_1_314' title='bbox 988 4185 1141 4244; x_wconf 88' lang='lat' dir='ltr'>medicinae</span> <span class='ocrx_word' id='word_1_315' title='bbox 1175 4183 1280 4242; x_wconf 84' lang='lat' dir='ltr'>littera·</span> 
     </span>
    </p>
   </div>
   <div class='ocr_carea' id='block_1_19' title="bbox 154 4264 1279 4420">
    <p class='ocr_par' dir='ltr' id='par_1_20' title="bbox 154 4264 1279 4420">
     <span class='ocr_line' id='line_1_41' title="bbox 154 4264 1279 4354; baseline 0.011 -30"><span class='ocrx_word' id='word_1_316' title='bbox 154 4269 233 4328; x_wconf 87' lang='lat' dir='ltr'>riam.</span> <span class='ocrx_word' id='word_1_317' title='bbox 278 4267 407 4344; x_wconf 84' lang='lat' dir='ltr'>Gottiug.</span> <span class='ocrx_word' id='word_1_318' title='bbox 430 4264 521 4328; x_wconf 89' lang='grc'><strong>1786.</strong></span> <span class='ocrx_word' id='word_1_319' title='bbox 547 4265 576 4328; x_wconf 89' lang='grc'><strong>8.</strong></span> <span class='ocrx_word' id='word_1_320' title='bbox 613 4283 668 4349; x_wconf 79' lang='lat' dir='ltr'>(Ab</span> <span class='ocrx_word' id='word_1_321' title='bbox 686 4283 871 4350; x_wconf 80' lang='lat' dir='ltr'>antiquissimis</span> <span class='ocrx_word' id='word_1_322' title='bbox 895 4283 1054 4354; x_wconf 87' lang='lat' dir='ltr'>temporibus</span> <span class='ocrx_word' id='word_1_323' title='bbox 1079 4298 1162 4352; x_wconf 83' lang='lat' dir='ltr'>usque</span> <span class='ocrx_word' id='word_1_324' title='bbox 1183 4281 1218 4334; x_wconf 91' lang='lat' dir='ltr'>ad</span> <span class='ocrx_word' id='word_1_325' title='bbox 1235 4298 1279 4336; x_wconf 88' lang='lat' dir='ltr'>re-</span> 
     </span>
     <span class='ocr_line' id='line_1_42' title="bbox 158 4347 913 4420; baseline 0.008 -22"><span class='ocrx_word' id='word_1_326' title='bbox 158 4347 321 4414; x_wconf 82' lang='lat' dir='ltr'>centissima3</span> <span class='ocrx_word' id='word_1_327' title='bbox 337 4349 417 4402; x_wconf 84' lang='lat' dir='ltr'>breve</span> <span class='ocrx_word' id='word_1_328' title='bbox 435 4367 501 4418; x_wconf 87' lang='lat' dir='ltr'>opus</span> <span class='ocrx_word' id='word_1_329' title='bbox 518 4350 564 4402; x_wconf 87' lang='lat' dir='ltr'>sed</span> <span class='ocrx_word' id='word_1_330' title='bbox 582 4351 717 4404; x_wconf 89' lang='lat' dir='ltr'>admodum</span> <span class='ocrx_word' id='word_1_331' title='bbox 735 4353 913 4420; x_wconf 89' lang='lat' dir='ltr'>laudandum.)</span> 
     </span>
    </p>
   </div>
   <div class='ocr_carea' id='block_1_20' title="bbox 110 4417 1279 4504">
    <p class='ocr_par' dir='ltr' id='par_1_21' title="bbox 110 4417 1279 4504">
     <span class='ocr_line' id='line_1_43' title="bbox 110 4417 1279 4504; baseline 0.002 -27"><span class='ocrx_word' id='word_1_332' title='bbox 110 4419 138 4477; x_wconf 89' lang='lat' dir='ltr'>J.</span> <span class='ocrx_word' id='word_1_333' title='bbox 161 4417 234 4478; x_wconf 89' lang='lat' dir='ltr'>Dan.</span> <span class='ocrx_word' id='word_1_334' title='bbox 260 4419 423 4497; x_wconf 77' lang='lat' dir='ltr'>Metager</span> <span class='ocrx_word' id='word_1_335' title='bbox 444 4423 546 4482; x_wconf 86' lang='lat' dir='ltr'>Skizze</span> <span class='ocrx_word' id='word_1_336' title='bbox 573 4423 648 4482; x_wconf 88' lang='lat' dir='ltr'>einer</span> <span class='ocrx_word' id='word_1_337' title='bbox 680 4426 904 4504; x_wconf 78' lang='lat' dir='ltr'>pragmatischen</span> <span class='ocrx_word' id='word_1_338' title='bbox 934 4423 1204 4499; x_wconf 83' lang='lat' dir='ltr'>Literiirgeschichte</span> <span class='ocrx_word' id='word_1_339' title='bbox 1228 4422 1279 4480; x_wconf 86' lang='lat' dir='ltr'>der</span> 
     </span>
    </p>
   </div>
   <div class='ocr_carea' id='block_1_21' title="bbox 1294 4645 1357 4664">
    <p class='ocr_par' dir='ltr' id='par_1_22' title="bbox 1294 4645 1357 4664">
     <span class='ocr_line' id='line_1_44' title="bbox 1294 4645 1357 4664; baseline 0 0"><span class='ocrx_word' id='word_1_340' title='bbox 1294 4645 1357 4664; x_wconf 48' lang='grc' dir='ltr'><strong>Α</strong></span> 
     </span>
    </p>
   </div>
   <div class='ocr_carea' id='block_1_22' title="bbox 0 0 1415 4872">
    <p class='ocr_par' dir='ltr' id='par_1_23' title="bbox 0 0 1415 4872">
     <span class='ocr_line' id='line_1_45' title="bbox 0 0 1415 4872; baseline 0 0"><span class='ocrx_word' id='word_1_341' title='bbox 0 0 1415 4872; x_wconf 95' lang='lat' dir='ltr'> </span> 
     </span>
    </p>
   </div>
  </div>
 </body>
</html>
