2808 4872
130 289 175 357 46
564 291 704 354 Medicina
727 293 850 373 antiqua

134 449 206 510 (ico.
227 445 332 524 Woll'g.
356 445 485 510 Wedel
507 445 544 506 de
564 465 645 506 meaa
665 447 858 527 Hippocratis.
888 446 951 512 Jeu.
967 441 1060 510 1693.
1082 444 1112 512 4.
1134 479 1182 494 ·-·
1200 446 1298 510 Reno.

174 537 206 593 in
225 532 326 594 Wedel
344 550 435 591 exerc
456 532 530 595 med.
552 532 647 611 philol.
674 533 755 592 Ceut
777 533 798 597 l.
821 536 881 592 dec.
908 528 938 596 7.
960 554 987 598 n.
1011 530 1061 596 10.

132 651 175 666 --
199 651 242 663 --
269 617 306 676 de
329 617 516 676 holoconitide
547 617 726 698 Hippocratis
758 635 849 681 exerc.
872 617 894 678 Ι.
919 617 956 682 ll.
997 619 1060 684 len.
1086 612 1179 683 1715.
1199 615 1227 683 4.
1255 649 1299 664 -

175 701 272 766 Recta.
294 705 325 760 ta
350 701 450 762 Wedel
471 720 559 766 exerc.
588 704 663 768 med.
689 701 784 781 philol.
813 703 895 766 Ceut.
920 703 955 761 ll.

132 825 175 836 -
197 821 242 834 —
265 792 423 866 propempt.
440 786 477 846 de
501 791 650 863 tetragono
672 787 861 866 Hippocratis.
904 786 967 850 Jen.
982 783 1074 848 1688.
1095 785 1125 852 4.
1142 821 1186 833 ·—
1202 785 1300 846 Recta.

116 877 120 888 '
174 877 206 934 in
226 871 328 932 Wedel
350 890 438 932 exerc.
460 871 535 933 med.
557 872 652 951 philol.
675 873 756 931 Ceut.
781 871 803 936 l.
829 874 891 934 dec.
915 867 945 931 4.
966 893 994 935 u.
1019 870 1050 934 6.
1095 877 1150 946 (Ad
1163 876 1251 946 Hipp.
1266 877 1302 930 de

175 955 270 1008 iutern.
287 953 377 1007 effect.
395 951 437 1006 sd.
454 951 532 1005 Kishn
547 953 582 1006 ll.
596 951 756 1019 coactam
775 971 833 1007 esse
844 953 992 1006 Elleborum
1002 953 1087 1008 album
1097 974 1119 1010 s.
1133 953 1302 1019 Veratrum.)

133 1027 178 1087 Jo.
204 1027 275 1088 Gen.
300 1023 525 1100 Siegcsbeck
549 1027 587 1084 de
607 1031 757 1102 tetragono
782 1027 971 1106 Hippocratis.
1013 1027 1126 1107 Petrop.
1154 1021 1247 1088 1787.
1270 1023 1300 1090 4.

133 1111 232 1191 Stepb.
256 1108 467 1168 Manialdus
494 1107 555 1186 (Et.
580 1110 728 1190 Maniaud)
755 1111 937 1190 Hippocratis
956 1111 1109 1188 chirurgia,
1140 1131 1215 1170 nnnc
1239 1111 1300 1190 pri·

175 1215 251 1256 mum
273 1213 372 1270 graece
395 1196 523 1252 restituta
543 1201 573 1254 et
593 1201 740 1258 comment.
765 1196 911 1260 illustrata.
954 1195 1042 1256 Paris.
1065 1192 1160 1258 1619.
1185 1192 1215 1254 8.
1239 1199 1302 1268 (Li-

176 1279 239 1332 bros
256 1275 292 1328 Η.
310 1275 470 1343 chirurgicos
487 1273 603 1328 continet
619 1293 659 1344 gr.
679 1276 739 1344 lat.)

34 1385 36 1390 ι
132 1350 298 1412 Bernardin.
327 1348 452 1422 Genga
486 1348 676 1425 Erl‘auterung
707 1350 758 1408 der
781 1347 900 1426 chirurg.
925 1348 1081 1410 Lehrsiitzc
1108 1350 1159 1408 des
1186 1349 1302 1427 ffippo-

175 1437 268 1496 lrrates
289 1452 341 1492 aus
369 1433 433 1490 dem
458 1432 649 1492 ltalienischen
676 1433 765 1492 inhers
787 1454 843 1493 vou
869 1435 896 1498 J.
916 1435 1170 1494 Hunezowshi.
1214 1435 1302 1494 Wren

177 1513 271 1580 1777.
296 1514 325 1577 8.
370 1522 520 1588 (Hdiderat
534 1525 633 1590 Ganga
647 1523 779 1588 Urbinas,
801 1525 959 1576 anatomiam
974 1531 1003 1576 st
1017 1523 1181 1592 chirurgiam
1195 1523 1303 1576 Romae

177 1601 286 1663 doeens,
313 1599 508 1652 Commentario
525 1600 555 1650 in
572 1599 656 1668 Hipp.
675 1600 840 1667 aphorismos
860 1601 1026 1672 chirurgiam
1043 1608 1198 1669 aporiantes,
1222 1602 1301 1653 Rom.

176 1665 534 1754 369438.‚·Boa0s.1697.
553 1667 593 1735 8.,
624 1669 690 1751 ibid.
707 1667 781 1750 1717.
806 1669 848 1736 8.,
876 1671 942 1724 ibid.
962 1669 1039 1725 1716.
1060 1669 1100 1736 8.,
1132 1685 1201 1752 quae
1218 1668 1303 1722 etiam

175 1739 386 1874 septiplupppppecpp
404 1743 432 1790 et
446 1737 580 1806 vulgarem
602 1737 720 1792 ltahcam
741 1738 856 1807 linguam
879 1755 1006 1794 conversa
1022 1744 1102 1804 suut;
1137 1737 1197 1791 rude
1223 1749 1305 1792 natus

133 1879 206 1940 Dav.
227 1898 295 1937 van
320 1878 504 1937 Gesscher
528 1877 684 1936 heellruude
710 1897 765 1937 vau
793 1878 993 1958 Hippocrates.
1036 1875 1126 1942 Amst.
1150 1872 1245 1940 1790.
1269 1871 1302 1938 8.

177 1963 351 2021 Germanice:
385 1961 440 2022 Die
462 1961 744 2020 Wundaraneihunde
772 1965 821 2022 des
844 1964 1043 2041 Hippokrates.
1086 1963 1302 2039 Hildburghau-

177 2067 227 2107 sen
253 2041 344 2108 1795.
368 2041 398 2110 8,
434 2051 515 2118 (Loci
528 2051 614 2121 Hipp.
630 2051 777 2120 chirurgici
792 2051 920 2105 conversi
934 2060 962 2104 et
976 2053 1166 2105 commentario
1182 2050 1304 2122 donati.)

134 2131 167 2192 0.
189 2131 230 2192 11.
254 2131 272 2188 J
277 2131 384 2190 olliet
411 2131 539 2190 doctrine
559 2133 611 2190 des
632 2133 743 2190 ancient
765 2153 812 2190 sur
835 2133 877 2192 les
898 2133 985 2212 plaies
1008 2134 1045 2192 de
1066 2135 1144 2204 tete,
1181 2133 1303 2192 extraite

176 2217 227 2275 des
254 2215 334 2274 liures
356 2215 567 2294 d’Hippocrate.
610 2215 689 2274 Paris
715 2211 806 2276 1811.
832 2212 861 2275 4.

99 2313 101 2316 “
132 2301 177 2362 Jo.
202 2299 330 2360 Hadrian
351 2301 505 2376 Slevogt
527 2320 620 2378 progr.
649 2301 686 2358 de
714 2299 902 2360 instrumentis
932 2301 1114 2382 Hippocratis
1138 2299 1302 2378 chirurgicis

173 2385 259 2444 hodie
279 2386 422 2461 ignoratis.
465 2385 527 2443 Jen.
555 2379 645 2446 1709.
667 2379 696 2442 4.

132 2469 197 2530 Car.
219 2469 298 2531 Frid.
321 2467 395 2526 Guil.
426 2467 701 2527 Moldenhawer
724 2469 790 2532 diss.
812 2471 906 2547 inaug.
929 2469 966 2527 de
987 2470 1064 2528 varia
1084 2470 1226 2530 ustionum
1249 2470 1303 2528 ad-

173 2554 289 2614 hibendi
309 2554 417 2613 ratione
437 2555 514 2632 apud
538 2553 749 2632 Hippocratem.
791 2554 884 2612 Berol.
911 2549 1003 2616 1818.
1030 2549 1061 2616 8.

131 2639 197 2699 (iar.
219 2639 285 2697 Chr.
308 2639 429 2696 Bauer
461 2637 572 2717 (praes.
594 2637 685 2716 Leop.
708 2639 788 2700 Socr.
810 2639 936 2719 Rieclre)
963 2639 1028 2696 diss.
1050 2639 1143 2714 inaug.
1173 2639 1211 2696 de
1238 2641 1303 2695 arte

175 2724 336 2784 obstetricia
349 2723 555 2802 Hippocratica.
577 2723 702 2798 Tubing.
726 2717 819 2782 1873.
846 2718 876 2784 8.
911 2729 982 2790 (Cir.
999 2745 1104 2798 quoque
1118 2728 1153 2778 1⁴¹.
1168 2726 1202 2780 A.
1216 2725 1301 2778 Rit-

175 2821 240 2872 gen
258 2805 285 2856 in
299 2804 401 2871 Busch,
420 2803 516 2856 Mende
531 2803 585 2858 und
599 2802 698 2872 Ritgen
716 2803 841 2856 deutsche
858 2803 1012 2858 Zeitschrift
1029 2805 1072 2857 fiir
1090 2802 1301 2856 Gebnrtskundc
1336 2831 1338 2834 ·

175 2871 226 2925 Bd.
243 2870 325 2924 4-6
340 2873 395 2940 fg.)

131 2944 178 3006 1ο.
200 2943 337 3004 Hadrian.
363 2944 515 3018 Slevogt
535 2941 639 3020 prolus.
652 2943 688 3000 de
699 2941 866 3019 embryulcia
876 2943 1066 3023 Hippocratis.
1087 2943 1149 3006 Jeu.
1163 2937 1258 3004 1709.
1270 2939 1300 3004 4.
1338 2936 1341 2946 ’

132 3029 200 3087 Chr.
224 3025 344 3084 Godofr.
373 3027 517 3085 Gruner
544 3045 642 3102 progr.
669 3027 821 3104 explicatur
850 3029 928 3086 locus
958 3029 1139 3106 Hippocratis
1164 3029 1202 3084 de
1224 3026 1302 3086 uteri

175 3110 279 3168 anticio
303 3111 467 3188 praepingui
493 3127 577 3166 causa
598 3110 748 3168 sterilitatis
771 3113 916 3189 probabili.
959 3107 1160 3174 Jenae1790.
1186 3106 1216 3174 8.

131 3195 205 3256 Dan.
238 3194 322 3254 Wilh.
348 3195 485 3252 Triller
507 3195 666 3252 exercitatio
701 3197 737 3252 de
769 3215 842 3254 nova
873 3216 996 3272 veraque
1026 3195 1211 3274 explicatione
1243 3194 1301 3254 loci

119 3346 120 3350 η
174 3279 318 3354 cujusdam
342 3278 534 3357 Hippocratici
558 3277 693 3338 haetenus
719 3279 902 3338 obscurissimi
916 3283 933 3338 l.
949 3281 1011 3340 Vll.
1026 3284 1143 3358 epidem.
1166 3281 1301 3338 demeu-

142 3371 147 3378 ’
173 3365 248 3423 sibus
272 3383 324 3442 per
344 3383 425 3424 nares
449 3362 594 3422 Leonidae
615 3364 688 3422 filiae
715 3368 923 3443 erumpentibus
949 3367 984 3424 ab
1012 3365 1179 3444 imprudenti
1201 3371 1300 3423 autem

172 3450 282 3509 medico
303 3469 365 3507 cum
391 3451 476 3528 ipsius
504 3449 616 3508 interitu
642 3447 785 3508 infeliciter
811 3451 950 3529 repressis.
993 3451 1086 3512 vitet.
1100 3445 1188 3509 1759.
1204 3445 1233 3512 4.
1254 3481 1300 3493 -

172 3534 259 3592 Redit
282 3537 313 3592 iu
340 3534 391 3594 Tr.
422 3535 543 3612 Opuscc.
568 3533 632 3598 Vol.
653 3534 675 3597 I.
703 3553 731 3612 p.
755 3529 944 3598 524—534.
997 3539 1056 3608 (Ad
1070 3539 1154 3610 Epid.
1169 3539 1232 3592 Vll.
1251 3539 1297 3591 ed.

172 3613 251 3668 Kirhn
268 3621 331 3669 tom.
351 3614 401 3670 111.
418 3632 445 3684 p.
463 3614 541 3684 705.)

550 3784 606 3840 BB.
659 3787 685 3838 D
703 3786 714 3838 i
731 3803 747 3839 o
765 3804 779 3840 c
795 3787 805 3840 1
823 3803 837 3839 c
854 3803 874 3844 s.

129 3903 218 3968 Andr.
239 3906 393 3966 Riviuus
414 3926 510 3986 progr.
534 3908 570 3966 de
591 3905 690 3968 Diocle
715 3908 852 3988 Carystio.
895 3907 973 3989 Lips,
999 3904 1089 3969 1655.
1115 3905 1144 3968 4.

494 4091 552 4146 CC.
602 4091 928 4162 Heropbilus.

121 4640 199 4664 Α

1382 4097 1384 4164 i

131 4213 162 4274 F.
175 4215 212 4274 H.
230 4213 402 4274 Schwarz
417 4211 587 4292 Heropbilus
606 4217 664 4272 und
683 4215 877 4294 Erasistratus,
900 4217 961 4276 eine
977 4213 1293 4276 historischeParallele.

171 4299 268 4378 lnaug.
281 4297 420 4358 Abhandl.
445 4299 603 4376 Wiirzburg
616 4295 706 4360 1826.
719 4297 747 4365 8,
776 4305 1293 4374 (Cir.Jerem.Rud.Lichtenstiidt
1382 4297 1384 4352 i

170 4381 352 4514 affulge)
363 4383 522 4452 Vorgcinger
538 4399 594 4436 von
609 4382 749 4437 Broussuis
768 4383 794 4436 in
812 4382 917 4436 Hecker
933 4383 1026 4440 Annal.
1046 4382 1073 4441 d.
1093 4381 1203 4436 Heillrde
1213 4379 1290 4435 1830.
1382 4391 1384 4398 '
