2788 4884
563 300 820 383 ophthalmiatrice.
1213 296 1275 361 189

149 465 181 517 et
201 457 309 516 curies
331 457 596 534 pierressautiqnes,
618 455 667 531 qui
692 457 831 514 servaieut
854 455 891 512 de
919 453 1031 514 cachets
1056 473 1110 512 aux
1132 455 1274 516 medecins

147 543 290 606 oculistes.
322 541 399 598 Paris
424 536 514 603 1816.
542 537 572 600 4.
609 537 715 599 Cum3
741 543 812 599 tabo.
832 559 891 602 uero.
909 541 1001 618 pictis.

132 726 199 821 cl.
261 723 854 844 onntnolmootrtoe
891 724 1246 844 reqionum

13 883 15 930 ³
454 861 895 980 nuperorum.

98 1045 215 1106 Friedr.
237 1045 310 1124 Aug.
337 1045 478 1106 Ammon
503 1051 589 1107 kurze
610 1049 778 1106 Geschichte
801 1050 851 1106 der
870 1045 1120 1123 Augenheilkuude
1137 1048 1164 1105 in
1187 1047 1275 1105 Sach-

97 1165 101 1172 ·
145 1152 208 1194 seu.
226 1131 360 1280 ·L)eipzig
389 1129 480 1194 18114.
505 1131 542 1198 8,·
573 1139 652 1206 (Cum
675 1139 754 1190 icone
775 1138 887 1206 lithogr.
909 1137 1117 1206 typhlotrophei
1140 1137 1275 1189 Dresdeni

144 1224 255 1266 veteris.

504 1357 557 1428 e.
629 1329 876 1452 (notice.

13 1531 15 1558 1
99 1499 304 1556 Giambattista
324 1501 477 1559 Venturi
508 1503 689 1560 commentari
720 1520 805 1578 sopra
836 1501 864 1558 la
892 1501 979 1558 storia
1006 1519 1022 1558 e
1045 1499 1071 1558 le
1098 1500 1185 1558 teorie
1211 1499 1274 1558 dell'

13 1629 14 1662 3
145 1584 242 1640 ottica.
286 1585 417 1660 Boiogna
438 1583 531 1650 1815.
552 1583 583 1645 4.
609 1584 673 1643 Gom
699 1586 732 1644 X
752 1588 821 1644 tato.
843 1605 901 1642 oen.

99 1668 179 1726 Emit
203 1667 324 1726 Wilde
353 1671 520 1729 Geschichte
549 1673 599 1729 der
625 1671 715 1748 Optik
741 1691 805 1728 vom
834 1671 1002 1745 Ursprunge
1030 1668 1120 1724 dieser
1148 1667 1274 1726 Wissen-

13 1759 14 1764 ’
146 1753 241 1810 schatt
263 1753 304 1810 bis
327 1757 379 1811 auf
394 1757 440 1812 die
462 1758 670 1831 gegenwiirtige
688 1757 760 1814 Zeit.
785 1751 917 1814 l.Theii.
964 1753 1026 1809 Von
1047 1752 1210 1810 Aristoteles
1232 1754 1275 1810 bis

144 1835 281 1896 Newton.
325 1839 420 1896 Berlin
446 1835 538 1901 1838.
564 1837 593 1898 8.
623 1853 719 1917 (Antea
739 1851 871 1904 ediderat:
895 1851 976 1902 uuo
994 1849 1274 1917 areoporoocro-

147 1919 222 1973 chen.
259 1919 345 1971 Berlin
365 1920 439 1976 1832,
458 1922 496 1988 4.)

100 1990 149 2049 Jo.
174 1993 247 2065 Aug.
270 1992 378 2051 Friedr.
402 1993 542 2050 Arnold
567 1993 613 2049 die
634 2011 755 2050 neueren
776 1991 972 2065 Erfindungen
995 1990 1053 2046 und
1070 1989 1275 2048 Verbesserun·

147 2095 206 2150 gen
227 2077 255 2131 in
277 2077 389 2133 Betreff
410 2079 460 2134 der
481 2077 624 2154 optischen
645 2077 840 2152 instrumente,
859 2075 899 2132 als
922 2076 972 2134 der
988 2074 1202 2134 verschiedeneu
1220 2073 1275 2132 Ar-

146 2167 197 2216 teu
220 2161 358 2236 optischer
382 2163 440 2219 und
469 2161 685 2238 periscopischer
706 2161 805 2218 Gliiser
827 2181 853 2217 u.
875 2179 897 2217 s.
919 2180 954 2218 w.
990 2159 1049 2215 Fiir
1075 2156 1275 2230 Astronoruen,

146 2243 376 2320 Natorforscher,
398 2247 570 2320 Verfertiger
596 2245 737 2322 optischrr
759 2245 944 2302 instrumente
959 2245 1017 2300 und
1032 2241 1192 2301 Kaufleute.
1221 2243 1275 2302 Mit

147 2323 171 2384 4
194 2327 402 2406 Abbildungeu.
447 2329 643 2404 Quediiuburg
669 2325 759 2388 1883.
782 2325 812 2386 8.

237 2512 283 2612 f.
347 2510 787 2632 operationes
820 2510 1142 2648 simoniae.

314 2731 402 2794 aa·
465 2715 685 2798 Fistula
723 2709 1066 2815 commmatio·

13 2895 15 2922 ι
105 2865 142 2925 Ε.
163 2865 201 2928 G.
225 2866 363 2926 Schabe
386 2867 451 2924 diss.
481 2869 517 2925 de
539 2869 654 2926 diversis
682 2887 754 2942 quae
781 2867 963 2924 innotuerunt
987 2863 1098 2922 fistulae
1121 2861 1275 2940 lacrymalis

149 2953 290 3010 curandae
312 2952 458 3015 methodis.
502 2953 625 3028 Trajeeti
646 2954 684 3010 ad
711 2953 807 3010 Viadr.
834 2945 927 3010 1803.
952 2943 983 3008 8.

264 3105 352 3186 bb·
403 3099 772 3198 sacrificatio
810 3102 1119 3184 oculorum·

105 3255 152 3318 Jo.
165 3255 203 3316 Η.
215 3257 269 3314 Ha
278 3278 303 3314 m
312 3278 356 3334 pe
377 3259 413 3315 de
424 3259 625 3316 scarificatione
637 3256 741 3314 oculari
753 3254 959 3332 Hippocratica.
981 3251 1125 3325 Duisburg
1139 3244 1232 3311 1791.
1244 3247 1273 3308 4.

106 3341 235 3398 Burcard
257 3339 328 3400 Dav.
352 3343 544 3400 Manchard
567 3335 799 3418 ὄφθαλμόξυσις
821 3338 994 3410 novantiqua
1016 3354 1040 3396 s.
1058 3335 1275 3392 Woolhusiano-

150 3427 351 3502 Hippocratiea
373 3427 509 3502 operatio.
550 3427 687 3520 'Tubiubn
717 3419 809 3482 1726.
835 3418 864 3483 4.
899 3426 972 3493 (Cfr.
994 3425 1020 3477 J.
1047 3423 1130 3475 Zach.
1161 3423 1275 3476 Platner

107 3501 913 3642 DappuppplhpTurpi!pervpxeperplapiooppesccscprippptpne
937 3578 966 3629 et
990 3571 1100 3629 ustione
1131 3569 1275 3629 oculorum

151 3665 229 3740 apud
251 3663 462 3740 Hippocratem.
497 3654 589 3725 Viteb.
613 3657 703 3722 1754.
731 3658 762 3720 4.
794 3693 834 3703 —
858 3658 984 3733 Ejusd.
1009 3657 1046 3713 de
1067 3655 1275 3714 scarificationis

152 3747 296 3804 oculorum
319 3747 441 3822 historia,
463 3750 629 3824 antiquitate
654 3753 683 3806 et
705 3746 820 3820 origine.
843 3743 934 3800 Viteb.
959 3735 1049 3800 1754.
1071 3733 1100 3796 4.
1122 3773 1164 3784 --
1191 3739 1274 3798 Utra-

151 3852 200 3909 que
224 3832 295 3888 redit
306 3835 448 3889 auctioriu
464 3833 563 3906 Ejusd.
580 3851 692 3908 opuscc.
714 3829 778 3890 Vol.
794 3829 814 3890 1.
830 3849 857 3904 p.
880 3821 1059 3884 463-496.
1079 3835 1130 3901 (Ad
1145 3837 1226 3907 Hipp.
1242 3837 1275 3889 da

152 3913 229 3975 visu,
257 3913 297 3963 ed.
317 3912 394 3963 Kirirn
413 3913 460 3964 111.
488 3913 546 3977 44.;
570 3908 710 3979 ἄτρακτον
734 3927 791 3962 esse
808 3910 924 3960 iusume
949 3906 1019 3973 tigno
1043 3905 1140 3956 duriori
1162 3906 1275 3959 ferventi

152 3981 209 4032 oleo
227 3980 372 4042 intinctum,
391 3997 441 4031 non
459 3999 522 4035 vero
541 3983 663 4034 carduum
681 3988 726 4032 aut
745 3978 844 4032 cuicum
862 3983 891 4028 ut
913 3975 1021 4028 volebat
1036 3974 1197 4027 Woolhouse
1215 3974 1239 4026 h.
1255 3974 1274 4030 l.

150 4045 342 4116 ἄτρακτηλίὸα
359 4049 468 4116 legens.)

295 4202 374 4268 ec·
430 4185 703 4290 operatio
742 4187 1090 4267 cataractae·

108 4339 186 4400 Frid.
208 4338 283 4418 Aug.
310 4338 455 4399 Ammon
479 4339 882 4418 ophthalmo-paracenteseos
903 4337 1034 4412 historia,
1055 4336 1194 4413 specimen
1215 4356 1274 4396 me-

152 4427 392 4486 dico-historicum
413 4444 470 4502 quo
493 4431 695 4484 commentatur
714 4425 743 4482 in
764 4424 856 4482 varias
877 4423 958 4481 huius
979 4423 1149 4501 operationis
1169 4423 1207 4481 ad
1228 4442 1275 4481 ca·
