2788 4884
500 333 505 340 ,
595 264 736 326 Medicina
756 267 877 346 publica.
1268 265 1331 330 ‘211

189 414 266 469 sitio
284 415 320 470 da
340 414 489 470 conditione
511 415 671 474 medicorum
695 417 764 486 apud
788 416 933 479 Romanos,
952 414 979 468 in
998 427 1049 484 qua
1068 415 1194 487 pleraque
1213 418 1331 488 quaeda

145 488 151 520 ·'
204 485 257 538 hac
271 485 317 540 lits
333 487 433 555 scripte
450 493 511 542 sunt
533 495 657 542 accurate
677 493 705 538 et
722 487 834 553 ingenue
852 485 1047 552 dijudicantur.)

156 555 205 614 Jo.
234 557 302 618 Ern.
328 559 572 626 Hebenstreit
605 578 700 636 progr.
731 561 769 616 de
798 559 913 617 medicis
941 557 1083 616 archiatris
1110 563 1139 615 et
1164 559 1331 634 professori-

203 642 266 705 bus.
287 641 377 774 RLips.
396 637 502 790 )1741.
522 638 552 704 4.
600 647 711 717 (Agitur
737 649 772 700 de
794 645 941 700 archiatris
969 649 1019 700 sub
1049 647 1331 716 imperatoribus-va·

205 723 269 776 teris
313 741 394 778 omae.

156 793 206 852 Jo.
241 795 368 854 Gttwald
400 794 563 854 Neubert
580 801 734 857 comment.
757 798 794 856 de
822 795 945 854 adversis
974 796 1145 855 medicorum
1167 797 1232 856 fatis
1253 777 1345 876 apud·

202 879 358 940 Romanos.
392 881 455 940 Jen.
469 875 568 938 1756.
595 875 624 939 4.

156 962 237 1039 Aug.
259 964 316 1026 Gli.
341 965 493 1024 Richter
522 969 623 1042 (praes.
646 964 717 1026 Geo.
731 963 795 1021 Glo.
811 963 937 1036 Richter)
955 965 1046 1040 prisca
1074 964 1168 1024 Roma
1193 966 1221 1024 in
1241 967 1332 1025 medi-

204 1067 254 1106 cos
275 1068 341 1106 suos
363 1050 440 1108 haud
465 1049 568 1126 iniqua.
593 1049 722 1126 Gotting.
745 1042 837 1112 1764.
849 1044 1030 1110 4.—Redit
1043 1052 1074 1108 in
1094 1049 1188 1110 Praes
1209 1051 1332 1130 Opuscc.

154 1132 333 1280 1061116661
349 1216 423 1274 Guil.
445 1217 541 1274 Beck
570 1209 657 1298 (resp.
675 1217 762 1274 fratre
788 1215 854 1274 Chr.
878 1215 911 1274 F.
938 1217 975 1274 H.
999 1217 1090 1293 Beck)
1123 1219 1333 1278 observationes

205 1303 242 1360 de
269 1303 460 1360 Romanorum
489 1302 633 1380 disciplina
660 1301 770 1378 publica
798 1302 923 1373 medica,
955 1303 993 1360 ad
1019 1303 1185 1360 illustranda
1209 1311 1334 1362 veterum

204 1387 372 1463 scriptorum
395 1392 424 1444 et
443 1386 512 1462 juris
535 1387 618 1444 civilis
641 1387 713 1445 loca.
753 1384 831 1464 Lips.
867 1381 957 1446 1809.
994 1382 1023 1444 4.
1058 1390 1230 1462 (Disquisitio
1254 1395 1335 1447 docta

206 1467 242 1519 ad
259 1467 303 1535 jus
320 1467 394 1520 Rom.
413 1468 552 1536 praecipue
574 1467 726 1536 pertinens.)

157 1539 232 1598 Ern.
256 1541 368 1598 Theod.
394 1539 522 1618 Gaupp
549 1541 585 1596 de
611 1539 815 1616 professoribus
843 1545 872 1596 et
899 1539 1012 1596 medicis
1043 1559 1196 1614 eorumque
1223 1542 1335 1618 privile-

206 1625 260 1700 giis
282 1625 310 1682 in
333 1625 394 1698 jure
412 1624 541 1682 Romano
564 1625 731 1682 dissertatio.
765 1623 847 1698 Spec.
872 1621 892 1684 l.
928 1623 1075 1680 Vratislav.
1099 1619 1189 1686 1827.
1213 1622 1242 1684 8.
1260 1632 1335 1697 ·(Au-

209 1703 290 1757 ctoris
315 1705 373 1758 ICti
396 1721 462 1773 opus
485 1703 612 1756 eruditum
638 1704 718 1755 multa
742 1703 858 1754 continet
881 1704 915 1755 ad
934 1703 1086 1756 medicinam
1103 1703 1204 1758 Romae
1222 1707 1335 1774 veteris3

207 1774 256 1830 clr.
275 1773 383 1842 Aligem.
404 1774 493 1828 medic.
512 1774 604 1828 Annal.
626 1772 702 1836 1828,
721 1789 781 1840 pag.
797 1771 870 1838 428.)

157 1847 230 1908 Car.
263 1846 336 1903 Just.
369 1846 564 1902 Goldhorn
596 1846 664 1904 diss.
687 1847 780 1918 inaug.
811 1845 848 1900 de
874 1843 1015 1902 archiatris
1046 1843 1182 1902 Romanis
1211 1847 1278 1905 inde
1299 1849 1335 1905 ab

208 1951 303 1989 eorum
329 1931 436 2005 origine
460 1949 549 2006 usque
575 1931 612 1987 ad
640 1929 725 1986 finem
754 1929 861 2006 imperii
889 1928 1010 1986 Romani
1036 1931 1223 1990 occidentalis.
1258 1931 1335 2010 Lips.

209 2011 300 2078 1841.
323 2011 352 2074 8.
385 2019 499 2086 (Medici
521 2035 589 2086 opus
615 2017 762 2085 diligenter
781 2017 979 2085 compositum.)

158 2100 211 2158 Jo.
236 2100 324 2158 Henr.
347 2099 502 2157 Meibom
532 2099 630 2174 Magni
652 2097 755 2154 Aurelii
778 2098 956 2170 Cassiodori,
978 2097 1013 2154 V.
1036 2098 1082 2169 C..
1103 2099 1225 2156 formula
1249 2102 1336 2158 comi-

209 2185 245 2241 tis
265 2184 474 2256 archiatrorum,
492 2183 689 2240 commentario
707 2181 852 2240 illustrata.
876 2181 1034 2244 Helmstad
1049 2177 1140 2240 1668.
1152 2179 1181 2240 4.
1198 2218 1237 2228 -
1253 2185 1338 2242 Liber

208 2287 303 2340 rocoa,⁸
315 2267 364 2346 cfr.
376 2267 462 2326 Daoi
469 2290 481 2324 s
491 2265 764 2341 Merhwiirdiglceitca
775 2267 823 2322 der
839 2266 1024 2324 Gerellr'schen
1040 2264 1173 2325 Biblioth.
1181 2287 1250 2344 pag.
1263 2265 1336 2328 240.

210 2349 309 2414 (Locus
334 2349 360 2400 in
385 2348 536 2402 Cassiodori
561 2347 692 2398 variarum
714 2345 799 2414 libris,
825 2347 842 2398 l.
863 2346 907 2397 VI.
926 2363 983 2414 cap.
1003 2345 1058 2402 19.=
1077 2348 1338 2412 ,‚iateratilirsimas

210 2426 283 2470 arton
301 2436 367 2484 quas
386 2419 423 2468 nel
437 2417 640 2469 sustentandam
659 2416 792 2466 hnmanae
804 2416 974 2484 fragilitatis
992 2423 1039 2468 etc.
1051 2445 1083 2454 —-
1100 2419 1202 2483 qualem
1220 2435 1267 2468 nos
1285 2419 1337 2469 hn-

211 2489 271 2538 herc
290 2504 343 2536 non
360 2489 505 2554 probamur
525 2487 553 2536 ia
571 2488 717 2546 caeteros,“
742 2498 799 2534 curn
825 2483 910 2551 amplo
928 2483 1063 2534 Maibourii
1081 2484 1190 2536 senioris
1208 2503 1337 2538 commen-

211 2555 290 2617 tario,
308 2553 343 2606 86
362 2572 459 2623 pagg,
484 2553 529 2622 qui
553 2553 585 2604 de
608 2552 636 2604 vi
659 2551 732 2604 vocis
756 2552 897 2604 Archiater
920 2560 947 2603 et
971 2551 1004 2603 de
1022 2552 1163 2605 honoribus
1181 2555 1338 2607 medicorum

211 2624 284 2692 apud
302 2630 405 2678 veteres
423 2623 488 2692 agit.
508 2622 584 2691 Opus
602 2621 766 2690 posthumum
783 2620 852 2672 filius
870 2620 999 2673 chricus
1013 2621 1114 2689 edidit.)
1194 2676 1202 2681 ,

166 2863 231 2958 d.
290 2859 718 2958 Medicorum
745 2857 991 2956 merita
1026 2861 1102 2958 ire
1116 2863 1339 2982 jorres.

526 2992 981 3116 proaemium.

167 3219 239 3278 Car.
261 3217 327 3274 Glo.
351 3216 452 3274 Kiihn
473 3235 571 3293 progr.
596 3217 633 3274 de
654 3216 825 3273 medicorum
846 3215 949 3274 meritis
974 3218 1002 3273 in
1023 3217 1258 3295 jurisprudentiae
1279 3223 1340 3276 stn-

215 3305 302 3362 dium.
331 3299 408 3378 Lips.
433 3295 525 3360 1814.
549 3296 578 3357 4.
604 3333 647 3344 -
670 3299 759 3356 Redit
778 3303 809 3356 in
833 3299 933 3374 Ejusd.
960 3320 1072 3377 opusec.
1099 3303 1200 3363 acadd.
1230 3303 1294 3364 Vol.
1317 3303 1339 3365 l.

214 3381 307 3446 1827.
329 3406 356 3462 p.
379 3379 441 3442 368
454 3417 491 3426 -
505 3379 577 3445 367.
611 3389 699 3456 (Patr.
722 3388 832 3454 Baldus‚
850 3389 944 3444 Herm.
962 3389 1094 3458 Confing,
1116 3389 1194 3446 Paul.
1214 3391 1339 3460 Zachias,

213 3467 296 3520 Mich.
317 3466 351 3518 Ε.
368 3463 515 3529 Ettmdller‚
533 3464 614 3516 Mich.
637 3463 737 3516 Alberti
755 3464 820 3529 alii.)
1092 3473 1098 3480 ·

167 3541 240 3600 Sim.
262 3541 358 3598 Herm.
381 3537 550 3595 Musaeus
576 3539 612 3594 de
633 3537 813 3613 Hippocratis
835 3538 864 3594 in
887 3537 950 3612 jure
977 3543 1038 3594 tum
1060 3538 1194 3596 canonico
1219 3544 1280 3596 tum
1301 3541 1341 3598 ci-

214 3625 261 3682 uili
282 3623 460 3681 authoritate.
495 3621 585 3681 Giess.
609 3617 700 3680 1680.
720 3618 750 3679 4.

165 3695 240 3767 'cta
263 3708 383 3764 Godosr.
411 3706 551 3763 Gruner
576 3706 736 3763 Pandectae
761 3706 885 3763 medicae
910 3723 933 3767 s.
958 3705 1097 3762 succincta
1119 3705 1267 3784 explicatio
1296 3727 1340 3766 re-

166 3849 173 3858 ,
213 3813 276 3852 rum
311 3791 479 3848 medicatum
516 3791 543 3848 in
572 3791 810 3866 Institutionibus‚
850 3789 991 3866 Digestis,
1028 3788 1155 3848 Novellis
1188 3793 1340 3854 obviarum.

212 3877 275 3938 Jen.
299 3868 501 3935 1861,1808.
527 3869 557 3937 8.

169 3961 248 4022 Dan.
272 3960 356 4020 Wilh.
379 3958 514 4015 Triller
539 3979 633 4035 progr.
660 3957 795 4015 I.--lll.
823 3959 859 4016 de
883 3959 1037 4035 publicanis
1059 3964 1087 4016 et
1111 3960 1293 4035 vectigalibus
1311 3961 1340 4020 in

215 4046 271 4120 leg.
297 4042 373 4102 XVI.
397 4039 424 4119 ᾖ.
447 4036 476 4100 7.
498 4041 608 4118 Digest.
631 4043 722 4105 Viteb.
747 4036 991 4102 1777-1778.
1017 4039 1046 4100 4.

171 4131 258 4192 Mich.
280 4126 424 4185 Alberti
450 4128 646 4184 commentatio
668 4129 697 4184 in
722 4128 957 4185 Constitutionem
980 4125 1156 4184 criminalem
1182 4127 1350 4186 Carolinam·

217 4214 336 4284 medica,
361 4211 443 4268 variis
465 4210 551 4266 titulis
568 4217 595 4268 et
620 4212 740 4268 articulis
761 4213 869 4268 ratione
891 4219 919 4268 et
949 4211 1116 4287 experientia
1144 4212 1286 4288 explicatis
1312 4220 1341 4271 et

170 4347 174 4356 .
217 4297 387 4356 confirmatis
412 4295 626 4372 comprehensa,
658 4297 896 4354 observationibus
929 4295 1036 4352 selectis
1056 4295 1203 4368 illustrata,
1231 4297 1341 4356 multis-

174 4369 178 4378 ’
216 4401 273 4460 que
294 4380 459 4440 testimoniis
479 4380 604 4454 juridicis
626 4385 655 4438 et
679 4381 792 4439 medicis
813 4381 931 4458 prolata.
961 4379 1026 4452 Hal.
1052 4373 1144 4440 1739.
1163 4375 1192 4439 4.

1068 4475 1134 4539 14*

1298 4582 1366 4600 Α
