2808 4872
594 295 791 380 Hippocrates.
1235 293 1279 360 46

142 450 179 508 in
199 447 323 525 Ejusd.
346 466 441 528 opusc.
462 446 527 509 Vol.
547 448 596 510 ΙΙΙ.
619 447 712 513 1772.
793 446 887 513 ,105
896 447 1002 513 -188
1057 455 1117 528 (Ad
1137 455 1274 528 Hippocr.

148 529 264 601 cpidom.
281 529 317 586 ll.
336 531 377 584 ed.
396 530 484 596 Kiihn,
501 536 563 586 tom.
581 531 631 589 ΙΙΙ.
650 551 677 604 p.
752 554 759 589 ε
777 534 868 588 sltoori
891 530 1022 601 16661666
1038 531 1148 604 ψυχρὸν
1161 551 1185 590 κ.
1201 552 1227 592 τ.
1238 536 1275 602 l.)

96 599 181 661 Geo.
207 603 312 678 Woltg.
334 603 459 662 Wedel
476 604 513 662 de
536 606 634 664 morbo
650 625 744 665 masso
761 607 949 686 Hippocratis.
991 606 1053 666 Jen.
1076 601 1168 667 1688.
1190 601 1276 669 4.-

145 687 246 746 11666.
270 690 301 745 in
327 688 429 746 Wedel
453 707 542 748 exerc.
571 691 644 751 med.
674 691 768 769 philol.
798 692 879 751 Cent.
903 691 925 750 L
951 687 1112 755 66646.
1139 686 1168 750 5.
1197 697 1223 750 et
1245 693 1275 750 in

145 772 306 848 Baldinger
327 773 430 832 selecta
452 793 548 850 opusc.
570 774 699 852 Gotting.
723 771 1093 857 1782.pag.137-141.
1118 777 1173 848 (ad
1186 780 1273 851 Hipp.

146 853 186 906 do
202 852 250 907 int.
267 853 356 906 effect.
372 853 412 906 od.
435 853 656 924 autuliolo.)

95 922 151 983 Jo.
174 925 295 988 Godosr.
320 926 482 984 Brendel
504 927 541 985 66
565 929 662 988 morbo
687 947 781 988 crasso
802 928 890 1010 ffipp.
934 929 1065 1008 Gottiug.
1083 921 1175 992 1747.
1189 925 1275 992 4.-

144 1009 245 1068 Rccas.
267 1013 298 1068 in
319 1009 424 1088 Opusc.
451 1009 472 1074 Ι.
499 1006 570 1072 166.

94 1091 186 1154 Frid.
207 1094 403 1154 Hoffmann
438 1092 530 1174 (resp.
554 1096 599 1161 Jo.
622 1096 724 1158 Casim.
746 1096 880 1180 Hertius)
906 1099 974 1158 diss.
1002 1099 1039 1158 de
1070 1096 1169 1158 morbo
1192 1098 1274 1176 nigro

142 1179 235 1256 Hipp.
277 1174 506 1243 Η61.1701.4.

11 1333 12 1336 ¹
94 1261 264 1322 Theobald
284 1263 386 1329 Matth.
409 1265 548 1324 Gesner
568 1266 605 1326 de
626 1265 724 1326 morbo
745 1266 827 1344 nigro
850 1265 938 1347 Hipp.
966 1263 1085 1347 Argent
1107 1261 1199 1326 1761.

92 1362 181 1427 Tob.
204 1363 263 1422 Jos.
284 1364 499 1442 Schoninglr
520 1367 557 1424 de
577 1367 675 1424 morbo
698 1367 779 1443 nigro
801 1367 889 1446 Hipp.
912 1362 1161 1444 Groning.1768.
1193 1372 1273 1440 (Cina

142 1445 249 1498 duobos
266 1446 458 1515 praecedentib.
481 1445 587 1517 scriptis
603 1463 688 1506 rccus.
707 1447 734 1501 ia
751 1447 893 1518 Baldinger
906 1448 1006 1503 edecta
1023 1465 1112 1519 opusc.
1149 1447 1272 1519 Gotting.

146 1513 227 1568 1782.
245 1531 307 1582 pag.
323 1514 469 1584 tra-1³6.)

11 1657 12 1660 ¹
94 1584 178 1645 Geo.
200 1587 308 1662 wolsg.
330 1587 453 1647 Wedel
474 1589 540 1652 diss.
562 1588 599 1647 de
617 1587 716 1647 morbo
732 1587 886 1668 phoeniceo
897 1588 935 1648 Hi
957 1589 1088 1666 poeratis.
1104 1589 1166 1648 Jeir.
1178 1582 1272 1651 1702.

11 1709 12 1736 ;
141 1667 179 1730 4.
188 1703 233 1714 --
247 1669 344 1735 Recta.
355 1675 386 1730 in
402 1673 555 1750 Baldinger
568 1671 619 1733 sel.
637 1692 732 1750 opusc.
767 1673 896 1749 Gotting.
913 1609 1003 1732 1782.
1015 1693 1081 1751 pag.
1092 1668 1271 1734 215-222.

11 1751 13 1824 j
94 1751 197 1816 Andr.
221 1755 328 1820 Ottom.
352 1757 526 1816 Goelicke
540 1758 577 1816 de
598 1758 695 1816 morbo
715 1764 846 1816 ructuoso
868 1758 1048 1836 Hippocratis
1070 1752 1161 1840 (adl.
1183 1758 1218 1817 ll.
1234 1759 1272 1820 66

11 1845 13 1914 ἶ
142 1840 273 1922 morbis).
295 1840 425 1904 Francos.
437 1843 474 1901 ad
484 1842 580 1901 Viadr.
593 1836 685 1906 1734.
696 1838 727 1906 4.
742 1875 784 1888 -
799 1841 895 1902 Becco.
909 1845 940 1902 in
950 1842 1103 1921 Baldinger
1113 1841 1163 1905 sel.
1173 1861 1271 1922 opusc.

11 1921 13 1944 ³
96 1957 100 1966 ·
142 1925 275 2002 Gotting.
297 1920 389 1990 1782.
410 1945 476 2005 pag.
499 1921 675 1987 142-168.

11 2029 13 2094 ξ
95 2023 180 2090 Dan.
202 2026 287 2090 Wilh.
307 2027 445 2087 Trillcr
471 2028 631 2088 exercitatio
659 2027 697 2087 de
721 2027 807 2105 gibbo
831 2047 866 2088 ex
887 2027 1044 2108 nephritide
1067 2027 1161 2106 potius
1186 2045 1271 2106 quam

11 2105 13 2186 1
142 2129 182 2171 ex
199 2111 355 2190 phrenitide
376 2117 450 2191 orto,
471 2115 509 2172 ad
530 2113 732 2192 Hippocratem
752 2120 839 2189 atque
860 2113 984 2172 Caelium
1009 2109 1188 2171 Aurelianum
1208 2113 1272 2173 illa·

11 2193 12 2198 ’
142 2198 293 2254 strandum
320 2201 350 2254 et
375 2199 589 2261 emendandum.
632 2197 726 2262 Viteb.
750 2192 843 2259 1754.
865 2192 895 2256 4.
921 2230 964 2242 -
988 2195 1076 2254 Redi-t
1092 2199 1124 2254 in
1145 2195 1268 2273 Ejusd.

11 2277 13 2296 .
142 2279 269 2356 Opnscc.
289 2280 353 2339 761.
375 2281 397 2338 Ι.
421 2301 449 2360 p.
470 2277 648 2340 431-462.
692 2286 753 2356 (Ad
766 2286 851 2357 Hipp.
867 2285 941 2357 epid.
956 2285 991 2338 V.
1007 2286 1050 2338 ed.
1066 2285 1157 2354 Kiihn,
1171 2286 1222 2339 ΠΙ.
1238 2303 1268 2358 p.

11 2409 13 2444 5
143 2360 213 2414 5682
235 2361 275 2432 τῷ
291 2359 413 2432 μαγείρῳ
431 2357 461 2414 ἐν
479 2359 598 2432 ninnivite
616 2364 685 2430 etc.)

95 2449 187 2512 Giov.
206 2448 295 2507 Maria
317 2450 541 2509 Zecchiuelli
572 2455 700 2510 tomento
728 2449 767 2510 ad
793 2449 883 2510 alcum
904 2449 980 2528 passi
1005 2447 1184 2528 d'lppocrate
1203 2456 1270 2512 teu·

141 2534 232 2592 dente
252 2551 270 2590 a
289 2553 409 2612 provare
434 2535 535 2611 ch'egli
558 2535 595 2594 ha
619 2536 724 2594 vednto
749 2534 789 2611 gli
817 2535 966 2594 aneurismi
990 2534 1090 2592 interni
1109 2535 1156 2593 del
1177 2541 1268 2613 petto,

12 2613 13 2694 j
141 2637 213 2676 cosa
236 2624 448 2678 comunemente
467 2619 620 2697 negatagli.
663 2619 778 2678 Padova
800 2614 890 2680 1825.
911 2614 941 2678 4.
974 2651 1017 2662 -
1050 2615 1132 2678 Prius
1152 2622 1182 2678 in
1207 2617 1269 2681 Atti

12 2699 13 2708 ³
142 2698 211 2759 dell’
232 2700 381 2760 Accedem.
403 2704 433 2761 di
454 2703 581 2782 766616,
603 2703 667 2762 761.
689 2703 751 2762 711.
775 2709 853 2776 (Loc.
869 2708 956 2778 Hipp.
971 2706 990 2758 Ι.
1006 2705 1029 2758 Ι.
1044 2706 1079 2759 66
1093 2707 1204 2776 morbis,
1221 2709 1266 2762 ed.

12 2819 14 2846 ,
142 2781 226 2836 Fcis.
244 2799 270 2852 p.
290 2783 355 2836 4512
389 2776 426 2852 ἢν
447 2781 478 2836 δὲ
494 2781 526 2838 τὸ
549 2783 666 2855 ‹pl-iflico
682 2780 846 2837 παντάπασι
862 2780 913 2852 μὲν
932 2779 971 2850 μὴ
994 2778 1132 2854 διαδραγῇ
1150 2781 1268 2840 cnloco

12 2883 14 2918 i
141 2846 203 2903 aa
223 2851 301 2923 αὐτῷ
323 2848 466 2920 ἐγγένηται
482 2871 507 2906 κ.
524 2856 587 2906 cl..
610 2852 706 2906 etalio
724 2852 849 2921 quaedam
866 2853 926 2906 loca
944 2852 1121 2907 demonstrare
1139 2853 1268 2909 vitasunt

13 2951 15 2964 ·
139 2920 254 2986 auctori,
273 2930 456 2990 cuevrysmata
473 2922 587 2992 pectoris
604 2928 666 2976 nota
684 2920 765 2974 luisse
781 2921 959 2992 Hippocrati.)

13 2993 15 3084 1
95 3006 176 3068 Gen.
201 3005 269 3066 Era.
297 3010 400 3068 Stalrl
433 3011 470 3070 de
499 3011 577 3070 sebre
607 3011 736 3069 lethifera
765 3011 901 3090 Hippocr.
926 3010 964 3068 ad
991 3009 1011 3072 l.
1032 3007 1068 3068 ΙΙ.
1093 3009 1131 3068 66
1154 3010 1267 3076 morbis.

13 3095 15 3146 ἰ
139 3091 209 3154 Η61.
222 3087 313 3152 1711.
325 3088 516 3158 4.-116666
536 3099 567 3155 ic
579 3095 732 3172 Baldinger
748 3094 796 3154 sei
816 3115 912 3176 opusc.
934 3095 1063 3170 Gotting.
1086 3089 1181 3162 1782.
1198 3113 1266 3175 pag.

13 3169 14 3206 f
140 3171 323 3240 169-214.

13 3249 15 3336 1
92 3260 141 3322 Jo.
165 3260 262 3326 Heinr.
285 3261 466 3321 Dierbach
491 3263 537 3322 die
558 3259 748 3324 Arnneimittel
771 3263 820 3322 des
840 3261 1030 3343 Hippokrates
1052 3261 1121 3321 oder
1140 3260 1267 3322 Versuclr

138 3345 219 3405 einer
238 3346 466 3424 systematisclsen
487 3345 669 3422 Aufzihlnng
689 3349 739 3406 der
763 3348 791 3405 in
804 3346 876 3406 allen
894 3345 1149 3426 Hippokratischen
1160 3347 1266 3408 Schrif-

14 3433 16 3506 1
137 3437 191 3489 ten
210 3431 447 3490 vorkommenden
472 3431 685 3494 Medicamenta
735 3430 907 3507 Heidelberg
929 3425 1021 3490 1824.
1042 3424 1074 3493 8.
1118 3433 1199 3502 (Non
1217 3452 1266 3506 ge-

138 3511 234 3564 nuinos
253 3512 336 3566 solnm
353 3511 434 3566 libros
450 3512 498 3566 red
513 3512 617 3584 spurios
634 3527 740 3582 quoque
757 3511 960 3582 complectitur.)

14 3631 16 3658 l
93 3598 183 3698 Hicin.
205 3599 398 3660 Ettmirller
423 3603 511 3683 (resp.
532 3601 571 3660 H.
588 3600 764 3682 Warnetius)
782 3601 919 3662 medicina
935 3599 1117 3680 Hippocratis
1131 3599 1264 3679 chymioa.

95 3679 451 3845 (46841177611819778661
475 3770 512 3828 66
545 3769 720 3850 Hippocrate
743 3769 859 3830 chimico
886 3773 915 3828 et
939 3769 1006 3845 igne
1026 3767 1265 3848 philosophorum.

15 3847 16 3922 g
137 3852 203 3916 Jen.
228 3849 321 3913 1699.
346 3848 377 3913 4.
409 3885 453 3899 -
489 3853 585 3914 Recta.
615 3858 646 3914 in
672 3855 772 3918 Wedel
800 3873 889 3918 exerc.
911 3855 984 3914 med.
1011 3853 1107 3934 philol.
1135 3853 1217 3919 Ceut.
1241 3853 1264 3916 1.

95 3932 302 4082 Dalllcl'lllhn
303 3933 448 4081 78611166
471 4023 631 4082 exercitatio
653 4024 690 4081 dc
711 4023 832 4081 vitandis
853 4021 975 4081 sordidis
1000 4041 1034 4080 ac
1053 4021 1161 4081 lascivis
1175 4038 1264 4080 reme·

139 4105 195 4162 diis
219 4106 478 4182 antidysentericis,
518 4109 679 4186 praesertim
699 4125 766 4165 vero
788 4109 825 4166 de
846 4108 932 4166 foeda
953 4107 1122 4164 scortatione
1143 4105 1178 4164 ab
1200 4105 1263 4183 ipso

138 4189 330 4267 Hippocrate,
352 4197 385 4250 ut
405 4192 490 4268 vulgo
512 4192 625 4268 quidem
644 4191 697 4250 sed
718 4192 790 4251 falso
811 4198 905 4251 tamen
927 4192 1066 4268 creditur,
1098 4190 1163 4248 olim
1187 4207 1264 4248 com·

138 4275 283 4335 mendata.
315 4275 407 4335 Viteb.
431 4270 522 4335 1770.
544 4271 574 4334 4.
599 4307 643 4320 -
664 4275 751 4336 Redit
774 4279 805 4336 ic
829 4276 955 4352 Ejusd.
979 4275 1100 4352 Opnscc.
1115 4273 1199 4334 Tom.
1214 4271 1263 4338 ΙΠ.

140 4351 234 4422 1772.
265 4379 295 4438 p.
315 4354 486 4420 40-104,
530 4364 592 4433 (ad
607 4365 693 4436 Hipp.
709 4367 826 4436 epidem.
840 4365 903 4417 VlI.
919 4363 963 4418 ed.
977 4363 1069 4431 Kiihn,
1084 4363 1135 4415 ΠΙ.
1150 4381 1178 4435 p.
1195 4361 1262 4420 7052
1391 4395 1392 4450 f

137 4439 258 4508 πορνείη
278 4433 409 4510 ἅχρωμος
424 4440 602 4512 incomptae
617 4437 688 4508 cinon
707 4443 752 4497 ubi
768 4441 905 4513 legendum
922 4439 958 4495 sit
973 4437 1137 4508 capacite.)
